Date,Type,Details,Amount,Units,Realized Equity Change,Realized Equity,Balance,Position ID,Asset type,NWA
10/01/2025 00:17:01,Index price adjustment,NSDQ100/USD," 0,08 ",-," 0,08 "," 2.487,16 "," 76,15 ",2903936539,CFD," 0,00 "
10/01/2025 00:17:01,Index price adjustment,NSDQ100/USD," 0,11 ",-," 0,11 "," 2.487,27 "," 76,26 ",2905582138,CFD," 0,00 "
10/01/2025 00:17:01,Index price adjustment,NSDQ100/USD," 0,11 ",-," 0,11 "," 2.487,38 "," 76,37 ",2905903612,CFD," 0,00 "
10/01/2025 00:17:01,Index price adjustment,NSDQ100/USD," 0,09 ",-," 0,09 "," 2.487,47 "," 76,46 ",2905931265,CFD," 0,00 "
10/01/2025 00:17:01,Index price adjustment,NSDQ100/USD," 0,11 ",-," 0,11 "," 2.487,58 "," 76,57 ",2906817461,CFD," 0,00 "
10/01/2025 00:17:01,Index price adjustment,NSDQ100/USD," 0,06 ",-," 0,06 "," 2.487,64 "," 76,63 ",2906817553,CFD," 0,00 "
10/01/2025 00:17:01,Index price adjustment,NSDQ100/USD," 0,06 ",-," 0,06 "," 2.487,70 "," 76,69 ",2906873075,CFD," 0,00 "
10/01/2025 00:17:01,Index price adjustment,NSDQ100/USD," 0,09 ",-," 0,09 "," 2.487,79 "," 76,78 ",2907347645,CFD," 0,00 "
10/01/2025 00:17:01,Index price adjustment,NSDQ100/USD," 0,09 ",-," 0,09 "," 2.487,88 "," 76,87 ",2908571158,CFD," 0,00 "
10/01/2025 00:17:01,Index price adjustment,NSDQ100/USD," 0,07 ",-," 0,07 "," 2.487,95 "," 76,94 ",2908600210,CFD," 0,00 "
10/01/2025 00:48:50,Overnight fee,Daily,"(1,22)",-,"(1,22)"," 2.486,73 "," 75,72 ",2906817461,CFD," 0,00 "
10/01/2025 00:48:50,Overnight fee,Daily,"(0,73)",-,"(0,73)"," 2.486,00 "," 74,99 ",2906873075,CFD," 0,00 "
10/01/2025 00:48:50,Overnight fee,Daily,"(0,73)",-,"(0,73)"," 2.485,27 "," 74,26 ",2906817553,CFD," 0,00 "
10/01/2025 00:48:50,Overnight fee,Daily,"(0,74)",-,"(0,74)"," 2.484,53 "," 73,52 ",2908600210,CFD," 0,00 "
10/01/2025 00:48:50,Overnight fee,Daily,"(0,96)",-,"(0,96)"," 2.483,57 "," 72,56 ",2903936539,CFD," 0,00 "
10/01/2025 00:48:50,Overnight fee,Daily,"(0,97)",-,"(0,97)"," 2.482,60 "," 71,59 ",2905931265,CFD," 0,00 "
10/01/2025 00:48:50,Overnight fee,Daily,"(0,98)",-,"(0,98)"," 2.481,62 "," 70,61 ",2908571158,CFD," 0,00 "
10/01/2025 00:48:50,Overnight fee,Daily,"(1,03)",-,"(1,03)"," 2.480,59 "," 69,58 ",2907347645,CFD," 0,00 "
10/01/2025 00:48:50,Overnight fee,Daily,"(1,20)",-,"(1,20)"," 2.479,39 "," 68,38 ",2905582138,CFD," 0,00 "
10/01/2025 00:48:50,Overnight fee,Daily,"(1,21)",-,"(1,21)"," 2.478,18 "," 67,17 ",2905903612,CFD," 0,00 "
10/01/2025 07:18:07,Position closed,NSDQ100/USD," 151,54 ",0.142281," 1,55 "," 2.479,73 "," 218,71 ",2909867021,CFD," 0,00 "
10/01/2025 07:18:46,Open Position,NSDQ100/USD," 149,99 ",0.142163," 0,00 "," 2.479,73 "," 68,72 ",2909904545,CFD," 0,00 "
10/01/2025 08:27:17,Position closed,NSDQ100/USD," 151,91 ",0.142163," 1,92 "," 2.481,65 "," 220,63 ",2909904545,CFD," 0,00 "
10/01/2025 08:29:04,Position closed,USD/JPY," 95,01 ",3000.000000,"(4,98)"," 2.476,67 "," 315,64 ",2909866590,CFD," 0,00 "
10/01/2025 09:11:57,Open Position,USD/JPY," 249,99 ",7500.000000," 0,00 "," 2.476,67 "," 65,65 ",2909959072,CFD," 0,00 "
10/01/2025 11:16:25,Position closed,USD/JPY," 271,33 ",7500.000000," 21,34 "," 2.498,01 "," 336,98 ",2909959072,CFD," 0,00 "
10/01/2025 11:22:37,Position closed,NSDQ100/USD," 153,91 ",0.141817," 3,92 "," 2.501,93 "," 490,89 ",2908600210,CFD," 0,00 "
10/01/2025 11:22:49,Position closed,NSDQ100/USD," 200,58 ",0.188881," 0,59 "," 2.502,52 "," 691,47 ",2908571158,CFD," 0,00 "
10/01/2025 11:24:20,Open Position,USD/JPY," 199,99 ",6000.000000," 0,00 "," 2.502,52 "," 491,48 ",2909997353,CFD," 0,00 "
10/01/2025 13:31:22,Position closed,USD/JPY," 223,34 ",6000.000000," 23,35 "," 2.525,87 "," 714,82 ",2909997353,CFD," 0,00 "
10/01/2025 13:34:34,Open Position,NSDQ100/USD," 199,99 ",0.191473," 0,00 "," 2.525,87 "," 514,83 ",2910079095,CFD," 0,00 "
10/01/2025 13:34:55,Edit Stop Loss,-,"(16,00)",-," 0,00 "," 2.525,87 "," 498,83 ",2905931265,-," 0,00 "
10/01/2025 13:35:14,Edit Stop Loss,-,"(24,00)",-," 0,00 "," 2.525,87 "," 474,83 ",2905903612,-," 0,00 "
10/01/2025 13:35:39,Edit Stop Loss,-,"(23,20)",-," 0,00 "," 2.525,87 "," 451,63 ",2905582138,-," 0,00 "
10/01/2025 13:35:47,Edit Stop Loss,-,"(18,44)",-," 0,00 "," 2.525,87 "," 433,19 ",2903936539,-," 0,00 "
10/01/2025 13:36:01,Position closed,NSDQ100/USD," 206,91 ",0.191473," 6,92 "," 2.532,79 "," 640,10 ",2910079095,CFD," 0,00 "
10/01/2025 13:36:53,Open Position,NSDQ100/USD," 189,99 ",0.181421," 0,00 "," 2.532,79 "," 450,11 ",2910085626,CFD," 0,00 "
10/01/2025 13:37:03,Position closed,NSDQ100/USD," 191,94 ",0.181421," 1,95 "," 2.534,74 "," 642,05 ",2910085626,CFD," 0,00 "
10/01/2025 13:37:11,Open Position,NSDQ100/USD," 250,00 ",0.238564," 0,00 "," 2.534,74 "," 392,05 ",2910085912,CFD," 0,00 "
10/01/2025 13:44:51,Position closed,NSDQ100/USD," 249,91 ",0.238564,"(0,09)"," 2.534,65 "," 641,96 ",2910085912,CFD," 0,00 "
10/01/2025 13:45:25,Open Position,USD/JPY," 149,99 ",4500.000000," 0,00 "," 2.534,65 "," 491,97 ",2910092192,CFD," 0,00 "
10/01/2025 14:04:19,Position closed,USD/JPY," 153,62 ",4500.000000," 3,63 "," 2.538,28 "," 645,59 ",2910092192,CFD," 0,00 "
10/01/2025 14:04:31,Open Position,USD/JPY," 149,99 ",4500.000000," 0,00 "," 2.538,28 "," 495,60 ",2910153504,CFD," 0,00 "
10/01/2025 14:17:54,Position closed,USD/JPY," 154,02 ",4500.000000," 4,03 "," 2.542,31 "," 649,62 ",2910153504,CFD," 0,00 "
10/01/2025 14:39:43,Open Position,USD/JPY," 199,99 ",6000.000000," 0,00 "," 2.542,31 "," 449,63 ",2910466184,CFD," 0,00 "
10/01/2025 14:40:04,Edit Stop Loss,-,"(3,67)",-," 0,00 "," 2.542,31 "," 445,96 ",2906873075,-," 0,00 "
10/01/2025 14:40:14,Edit Stop Loss,-,"(10,56)",-," 0,00 "," 2.542,31 "," 435,40 ",2906817553,-," 0,00 "
10/01/2025 14:40:22,Edit Stop Loss,-,"(17,13)",-," 0,00 "," 2.542,31 "," 418,27 ",2906817461,-," 0,00 "
10/01/2025 14:40:31,Edit Stop Loss,-,"(2,61)",-," 0,00 "," 2.542,31 "," 415,66 ",2905931265,-," 0,00 "
10/01/2025 14:40:57,Open Position,NSDQ100/USD," 200,00 ",0.191214," 0,00 "," 2.542,31 "," 215,66 ",2910472719,CFD," 0,00 "
10/01/2025 14:41:27,Position closed,NSDQ100/USD," 203,16 ",0.191214," 3,16 "," 2.545,47 "," 418,82 ",2910472719,CFD," 0,00 "
10/01/2025 14:43:05,Open Position,NSDQ100/USD," 180,00 ",0.171957," 0,00 "," 2.545,47 "," 238,82 ",2910482634,CFD," 0,00 "
10/01/2025 14:43:13,Position closed,NSDQ100/USD," 181,69 ",0.171957," 1,69 "," 2.547,16 "," 420,51 ",2910482634,CFD," 0,00 "
10/01/2025 14:43:32,Open Position,NSDQ100/USD," 202,29 ",0.191059," 0,00 "," 2.547,16 "," 220,51 ",2910487225,CFD," 0,00 "
10/01/2025 14:48:22,Position closed,USD/JPY," 198,70 ",6000.000000,"(1,29)"," 2.545,87 "," 419,21 ",2910466184,CFD," 0,00 "
10/01/2025 14:49:49,Open Position,NSDQ100/USD," 179,98 ",0.172469," 0,00 "," 2.545,87 "," 239,23 ",2910568041,CFD," 0,00 "
10/01/2025 14:51:28,Position closed,NSDQ100/USD," 181,30 ",0.172469," 1,32 "," 2.547,19 "," 420,53 ",2910568041,CFD," 0,00 "
10/01/2025 14:57:11,Open Position,NSDQ100/USD," 149,98 ",0.143680," 0,00 "," 2.547,19 "," 270,55 ",2910775957,CFD," 0,00 "
10/01/2025 16:14:54,Edit Stop Loss,-,"(7,00)",-," 0,00 "," 2.547,19 "," 263,55 ",2903936539,-," 0,00 "
10/01/2025 16:15:22,Edit Stop Loss,-,"(17,00)",-," 0,00 "," 2.547,19 "," 246,55 ",2905582138,-," 0,00 "
10/01/2025 16:15:35,Edit Stop Loss,-,"(7,00)",-," 0,00 "," 2.547,19 "," 239,55 ",2905903612,-," 0,00 "
10/01/2025 16:15:47,Edit Stop Loss,-,"(7,00)",-," 0,00 "," 2.547,19 "," 232,55 ",2905931265,-," 0,00 "
10/01/2025 16:16:03,Edit Stop Loss,-,"(7,00)",-," 0,00 "," 2.547,19 "," 225,55 ",2906817461,-," 0,00 "
10/01/2025 16:16:21,Edit Stop Loss,-,"(7,00)",-," 0,00 "," 2.547,19 "," 218,55 ",2906817553,-," 0,00 "
10/01/2025 16:16:41,Edit Stop Loss,-,"(7,00)",-," 0,00 "," 2.547,19 "," 211,55 ",2906873075,-," 0,00 "
10/01/2025 16:17:33,Edit Stop Loss,-,"(11,43)",-," 0,00 "," 2.547,19 "," 200,12 ",2903936539,-," 0,00 "
10/01/2025 16:17:43,Edit Stop Loss,-,"(6,03)",-," 0,00 "," 2.547,19 "," 194,09 ",2905582138,-," 0,00 "
10/01/2025 16:17:50,Edit Stop Loss,-,"(15,63)",-," 0,00 "," 2.547,19 "," 178,46 ",2905903612,-," 0,00 "
10/01/2025 16:17:57,Edit Stop Loss,-,"(11,77)",-," 0,00 "," 2.547,19 "," 166,69 ",2905931265,-," 0,00 "
10/01/2025 16:18:07,Edit Stop Loss,-,"(16,66)",-," 0,00 "," 2.547,19 "," 150,03 ",2906817461,-," 0,00 "
10/01/2025 16:18:20,Edit Stop Loss,-,"(7,04)",-," 0,00 "," 2.547,19 "," 142,99 ",2906817553,-," 0,00 "
10/01/2025 16:18:30,Edit Stop Loss,-,"(7,20)",-," 0,00 "," 2.547,19 "," 135,79 ",2906873075,-," 0,00 "
10/01/2025 16:18:37,Edit Stop Loss,-,"(12,88)",-," 0,00 "," 2.547,19 "," 122,91 ",2907347645,-," 0,00 "
10/01/2025 16:26:42,Edit Stop Loss,-,"(9,22)",-," 0,00 "," 2.547,19 "," 113,69 ",2903936539,-," 0,00 "
10/01/2025 16:26:50,Edit Stop Loss,-,"(11,60)",-," 0,00 "," 2.547,19 "," 102,09 ",2905582138,-," 0,00 "
10/01/2025 16:26:58,Edit Stop Loss,-,"(11,67)",-," 0,00 "," 2.547,19 "," 90,42 ",2905903612,-," 0,00 "
10/01/2025 16:27:06,Edit Stop Loss,-,"(9,34)",-," 0,00 "," 2.547,19 "," 81,08 ",2905931265,-," 0,00 "
10/01/2025 16:27:12,Edit Stop Loss,-,"(11,73)",-," 0,00 "," 2.547,19 "," 69,35 ",2906817461,-," 0,00 "
10/01/2025 16:27:21,Edit Stop Loss,-,"(7,04)",-," 0,00 "," 2.547,19 "," 62,31 ",2906817553,-," 0,00 "
10/01/2025 16:27:28,Edit Stop Loss,-,"(7,05)",-," 0,00 "," 2.547,19 "," 55,26 ",2906873075,-," 0,00 "
10/01/2025 16:27:37,Edit Stop Loss,-,"(9,91)",-," 0,00 "," 2.547,19 "," 45,35 ",2907347645,-," 0,00 "
10/01/2025 16:37:56,Deposit Conversion Fee,-," 0,00 ",-," 0,00 "," 3.047,19 "," 545,35 ",-,-," 0,00 "
10/01/2025 16:37:56,Deposit,500.00 USD CreditCard," 500,00 ",-," 500,00 "," 3.047,19 "," 545,35 ",-,-," 0,00 "
10/01/2025 16:38:38,Open Position,NSDQ100/USD," 299,99 ",0.289562," 0,00 "," 3.047,19 "," 245,36 ",2911235917,CFD," 0,00 "
10/01/2025 16:38:55,Edit Stop Loss,-,"(9,22)",-," 0,00 "," 3.047,19 "," 236,14 ",2903936539,-," 0,00 "
10/01/2025 16:39:02,Edit Stop Loss,-,"(11,60)",-," 0,00 "," 3.047,19 "," 224,54 ",2905582138,-," 0,00 "
10/01/2025 16:39:10,Edit Stop Loss,-,"(11,66)",-," 0,00 "," 3.047,19 "," 212,88 ",2905903612,-," 0,00 "
10/01/2025 16:39:16,Edit Stop Loss,-,"(9,33)",-," 0,00 "," 3.047,19 "," 203,55 ",2905931265,-," 0,00 "
10/01/2025 16:39:25,Edit Stop Loss,-,"(11,74)",-," 0,00 "," 3.047,19 "," 191,81 ",2906817461,-," 0,00 "
10/01/2025 16:39:36,Edit Stop Loss,-,"(7,04)",-," 0,00 "," 3.047,19 "," 184,77 ",2906817553,-," 0,00 "
10/01/2025 16:39:42,Edit Stop Loss,-,"(7,06)",-," 0,00 "," 3.047,19 "," 177,71 ",2906873075,-," 0,00 "
10/01/2025 16:39:50,Edit Stop Loss,-,"(9,90)",-," 0,00 "," 3.047,19 "," 167,81 ",2907347645,-," 0,00 "
10/01/2025 16:40:05,Edit Stop Loss,-,"(9,22)",-," 0,00 "," 3.047,19 "," 158,59 ",2903936539,-," 0,00 "
10/01/2025 16:40:12,Edit Stop Loss,-,"(11,60)",-," 0,00 "," 3.047,19 "," 146,99 ",2905582138,-," 0,00 "
10/01/2025 16:40:23,Edit Stop Loss,-,"(11,67)",-," 0,00 "," 3.047,19 "," 135,32 ",2905903612,-," 0,00 "
10/01/2025 16:40:30,Edit Stop Loss,-,"(9,34)",-," 0,00 "," 3.047,19 "," 125,98 ",2905931265,-," 0,00 "
10/01/2025 16:40:37,Edit Stop Loss,-,"(11,73)",-," 0,00 "," 3.047,19 "," 114,25 ",2906817461,-," 0,00 "
10/01/2025 16:40:45,Edit Stop Loss,-,"(7,04)",-," 0,00 "," 3.047,19 "," 107,21 ",2906817553,-," 0,00 "
10/01/2025 16:40:52,Edit Stop Loss,-,"(7,06)",-," 0,00 "," 3.047,19 "," 100,15 ",2906873075,-," 0,00 "
10/01/2025 16:41:05,Edit Stop Loss,-,"(9,91)",-," 0,00 "," 3.047,19 "," 90,24 ",2907347645,-," 0,00 "
10/01/2025 16:41:27,Position closed,NSDQ100/USD," 312,06 ",0.289562," 12,07 "," 3.059,26 "," 402,30 ",2911235917,CFD," 0,00 "
10/01/2025 16:43:21,Open Position,NSDQ100/USD," 299,99 ",0.288761," 0,00 "," 3.059,26 "," 102,31 ",2911242670,CFD," 0,00 "
10/01/2025 16:43:36,Position closed,NSDQ100/USD," 302,35 ",0.288761," 2,36 "," 3.061,62 "," 404,66 ",2911242670,CFD," 0,00 "
10/01/2025 16:43:48,Open Position,NSDQ100/USD," 299,99 ",0.288651," 0,00 "," 3.061,62 "," 104,67 ",2911243198,CFD," 0,00 "
10/01/2025 16:44:23,Position closed,NSDQ100/USD," 301,98 ",0.288651," 1,99 "," 3.063,61 "," 406,65 ",2911243198,CFD," 0,00 "
10/01/2025 16:44:42,Open Position,NSDQ100/USD," 299,99 ",0.288478," 0,00 "," 3.063,61 "," 106,66 ",2911244021,CFD," 0,00 "
10/01/2025 16:48:36,Deposit,600.00 USD CreditCard," 600,00 ",-," 600,00 "," 3.663,61 "," 706,66 ",-,-," 0,00 "
10/01/2025 16:48:36,Deposit Conversion Fee,-," 0,00 ",-," 0,00 "," 3.663,61 "," 706,66 ",-,-," 0,00 "
10/01/2025 16:49:16,Edit Stop Loss,-,"(9,22)",-," 0,00 "," 3.663,61 "," 697,44 ",2903936539,-," 0,00 "
10/01/2025 16:49:22,Edit Stop Loss,-,"(11,60)",-," 0,00 "," 3.663,61 "," 685,84 ",2905582138,-," 0,00 "
10/01/2025 16:49:30,Edit Stop Loss,-,"(11,67)",-," 0,00 "," 3.663,61 "," 674,17 ",2905903612,-," 0,00 "
10/01/2025 16:49:38,Edit Stop Loss,-,"(9,34)",-," 0,00 "," 3.663,61 "," 664,83 ",2905931265,-," 0,00 "
10/01/2025 16:49:45,Edit Stop Loss,-,"(11,73)",-," 0,00 "," 3.663,61 "," 653,10 ",2906817461,-," 0,00 "
10/01/2025 16:49:52,Edit Stop Loss,-,"(7,04)",-," 0,00 "," 3.663,61 "," 646,06 ",2906817553,-," 0,00 "
10/01/2025 16:49:59,Edit Stop Loss,-,"(7,05)",-," 0,00 "," 3.663,61 "," 639,01 ",2906873075,-," 0,00 "
10/01/2025 16:50:07,Edit Stop Loss,-,"(9,91)",-," 0,00 "," 3.663,61 "," 629,10 ",2907347645,-," 0,00 "
10/01/2025 16:50:17,Edit Stop Loss,-,"(2,29)",-," 0,00 "," 3.663,61 "," 626,81 ",2910487225,-," 0,00 "
10/01/2025 16:52:22,Open Position,NSDQ100/USD," 250,00 ",0.240589," 0,00 "," 3.663,61 "," 376,81 ",2911251395,CFD," 0,00 "
10/01/2025 17:13:25,Open Position,NSDQ100/USD," 200,00 ",0.192904," 0,00 "," 3.663,61 "," 176,81 ",2911275182,CFD," 0,00 "
10/01/2025 17:14:06,Open Position,USD/JPY," 100,00 ",3000.000000," 0,00 "," 3.663,61 "," 76,81 ",2911275702,CFD," 0,00 "
10/01/2025 17:19:32,Position closed,NSDQ100/USD," 203,01 ",0.192904," 3,01 "," 3.666,62 "," 279,82 ",2911275182,CFD," 0,00 "
10/01/2025 17:20:04,Position closed,USD/JPY," 101,60 ",3000.000000," 1,60 "," 3.668,22 "," 381,42 ",2911275702,CFD," 0,00 "
10/01/2025 17:20:28,Open Position,USD/JPY," 150,00 ",4500.000000," 0,00 "," 3.668,22 "," 231,42 ",2911281183,CFD," 0,00 "
10/01/2025 17:20:47,Open Position,NSDQ100/USD," 149,99 ",0.144576," 0,00 "," 3.668,22 "," 81,43 ",2911281450,CFD," 0,00 "
10/01/2025 17:39:26,Position closed,NSDQ100/USD," 159,96 ",0.144576," 9,97 "," 3.678,19 "," 241,39 ",2911281450,CFD," 0,00 "
10/01/2025 17:39:33,Position closed,NSDQ100/USD," 305,17 ",0.288478," 5,18 "," 3.683,37 "," 546,56 ",2911244021,CFD," 0,00 "
10/01/2025 17:39:41,Position closed,NSDQ100/USD," 258,53 ",0.240589," 8,53 "," 3.691,90 "," 805,09 ",2911251395,CFD," 0,00 "
10/01/2025 17:39:57,Open Position,NSDQ100/USD," 249,99 ",0.240175," 0,00 "," 3.691,90 "," 555,10 ",2911314428,CFD," 0,00 "
10/01/2025 17:40:27,Open Position,NVDA.EXT/USD," 299,99 ",10.986234," 0,00 "," 3.691,90 "," 255,11 ",2911315363,CFD," 0,00 "
10/01/2025 17:40:55,Position closed,NSDQ100/USD," 250,87 ",0.240175," 0,88 "," 3.692,78 "," 505,98 ",2911314428,CFD," 0,00 "
10/01/2025 17:41:05,Open Position,NSDQ100/USD," 299,99 ",0.288091," 0,00 "," 3.692,78 "," 205,99 ",2911316306,CFD," 0,00 "
10/01/2025 17:59:12,Position closed,NSDQ100/USD," 310,03 ",0.288091," 10,04 "," 3.702,82 "," 516,02 ",2911316306,CFD," 0,00 "
10/01/2025 17:59:44,Open Position,NSDQ100/USD," 200,00 ",0.191688," 0,00 "," 3.702,82 "," 316,02 ",2911335303,CFD," 0,00 "
10/01/2025 18:15:10,Position closed,USD/JPY," 152,82 ",4500.000000," 2,82 "," 3.705,64 "," 468,84 ",2911281183,CFD," 0,00 "
10/01/2025 18:15:43,Position closed,NSDQ100/USD," 205,09 ",0.191688," 5,09 "," 3.710,73 "," 673,93 ",2911335303,CFD," 0,00 "
10/01/2025 18:15:51,Position closed,NSDQ100/USD," 150,95 ",0.143680," 0,97 "," 3.711,70 "," 824,88 ",2910775957,CFD," 0,00 "
10/01/2025 18:17:18,Open Position,USD/JPY," 199,99 ",6000.000000," 0,00 "," 3.711,70 "," 624,89 ",2911348374,CFD," 0,00 "
10/01/2025 18:17:34,Open Position,NSDQ100/USD," 149,99 ",0.143666," 0,00 "," 3.711,70 "," 474,90 ",2911348554,CFD," 0,00 "
10/01/2025 18:32:17,Position closed,NSDQ100/USD," 201,48 ",0.191059,"(0,81)"," 3.710,89 "," 676,38 ",2910487225,CFD," 0,00 "
10/01/2025 18:32:24,Position closed,NSDQ100/USD," 157,04 ",0.143666," 7,05 "," 3.717,94 "," 833,42 ",2911348554,CFD," 0,00 "
10/01/2025 18:32:39,Open Position,NSDQ100/USD," 299,99 ",0.286639," 0,00 "," 3.717,94 "," 533,43 ",2911362034,CFD," 0,00 "
10/01/2025 18:32:49,Position closed,USD/JPY," 201,32 ",6000.000000," 1,33 "," 3.719,27 "," 734,75 ",2911348374,CFD," 0,00 "
10/01/2025 18:49:56,Position closed,NSDQ100/USD," 310,90 ",0.286639," 10,91 "," 3.730,18 "," 1.045,65 ",2911362034,CFD," 0,00 "
10/01/2025 18:50:28,Open Position,NSDQ100/USD," 200,00 ",0.190806," 0,00 "," 3.730,18 "," 845,65 ",2911392389,CFD," 0,00 "
10/01/2025 18:58:54,Position closed,NSDQ100/USD," 204,95 ",0.190806," 4,95 "," 3.735,13 "," 1.050,60 ",2911392389,CFD," 0,00 "
10/01/2025 18:59:12,Position closed,NVDA.EXT/USD," 303,39 ",10.986234," 3,40 "," 3.738,53 "," 1.353,99 ",2911315363,CFD," 0,00 "
10/01/2025 18:59:29,Open Position,NVDA.EXT/USD," 319,97 ",11.654527," 0,00 "," 3.738,53 "," 1.034,02 ",2911399303,CFD," 0,00 "
10/01/2025 18:59:49,Open Position,NSDQ100/USD," 305,99 ",0.285757," 0,00 "," 3.738,53 "," 734,03 ",2911399574,CFD," 0,00 "
11/01/2025 00:49:17,Overnight fee,Weekend Fee,"(1,42)",-,"(1,42)"," 3.737,11 "," 732,61 ",2911399303,CFD," 0,00 "
11/01/2025 00:49:17,Overnight fee,Weekend Fee,"(2,19)",-,"(2,19)"," 3.734,92 "," 730,42 ",2906817553,CFD," 0,00 "
11/01/2025 00:49:17,Overnight fee,Weekend Fee,"(2,19)",-,"(2,19)"," 3.732,73 "," 728,23 ",2906873075,CFD," 0,00 "
11/01/2025 00:49:17,Overnight fee,Weekend Fee,"(2,87)",-,"(2,87)"," 3.729,86 "," 725,36 ",2903936539,CFD," 0,00 "
11/01/2025 00:49:17,Overnight fee,Weekend Fee,"(2,91)",-,"(2,91)"," 3.726,95 "," 722,45 ",2905931265,CFD," 0,00 "
11/01/2025 00:49:17,Overnight fee,Weekend Fee,"(3,08)",-,"(3,08)"," 3.723,87 "," 719,37 ",2907347645,CFD," 0,00 "
11/01/2025 00:49:17,Overnight fee,Weekend Fee,"(3,61)",-,"(3,61)"," 3.720,26 "," 715,76 ",2905582138,CFD," 0,00 "
11/01/2025 00:49:17,Overnight fee,Weekend Fee,"(3,63)",-,"(3,63)"," 3.716,63 "," 712,13 ",2905903612,CFD," 0,00 "
11/01/2025 00:49:17,Overnight fee,Weekend Fee,"(3,65)",-,"(3,65)"," 3.712,98 "," 708,48 ",2906817461,CFD," 0,00 "
11/01/2025 00:49:17,Overnight fee,Weekend Fee,"(4,44)",-,"(4,44)"," 3.708,54 "," 704,04 ",2911399574,CFD," 0,00 "
12/01/2025 23:04:09,Open Position,NSDQ100/USD," 250,00 ",0.240227," 0,00 "," 3.708,54 "," 454,04 ",2911873190,CFD," 0,00 "
13/01/2025 01:32:53,Open Position,USD/JPY," 249,99 ",7500.000000," 0,00 "," 3.708,54 "," 204,05 ",2911892570,CFD," 0,00 "
13/01/2025 01:33:07,Open Position,NSDQ100/USD," 99,99 ",0.096251," 0,00 "," 3.708,54 "," 104,06 ",2911892583,CFD," 0,00 "
13/01/2025 08:42:32,Position closed,USD/JPY," 252,89 ",7500.000000," 2,90 "," 3.711,44 "," 356,95 ",2911892570,CFD," 0,00 "
13/01/2025 08:46:47,Open Position,USD/JPY," 199,99 ",6000.000000," 0,00 "," 3.711,44 "," 156,96 ",2912029436,CFD," 0,00 "
13/01/2025 08:50:07,Open Position,NSDQ100/USD," 100,00 ",0.096743," 0,00 "," 3.711,44 "," 56,96 ",2912030304,CFD," 0,00 "
13/01/2025 09:34:24,Position closed,NSDQ100/USD," 87,89 ",0.096743,"(12,11)"," 3.699,33 "," 144,85 ",2912030304,CFD," 0,00 "
13/01/2025 09:34:35,Open Position,USD/JPY," 100,00 ",3000.000000," 0,00 "," 3.699,33 "," 44,85 ",2912055041,CFD," 0,00 "
13/01/2025 10:02:42,Deposit,1000.00 USD CreditCard," 1.000,00 ",-," 1.000,00 "," 4.699,33 "," 1.044,85 ",-,-," 0,00 "
13/01/2025 10:02:42,Deposit Conversion Fee,-," 0,00 ",-," 0,00 "," 4.699,33 "," 1.044,85 ",-,-," 0,00 "
13/01/2025 10:03:24,Open Position,NSDQ100/USD," 500,00 ",0.486330," 0,00 "," 4.699,33 "," 544,85 ",2912066482,CFD," 0,00 "
13/01/2025 10:16:03,Position closed,NSDQ100/USD," 502,97 ",0.486330," 2,97 "," 4.702,30 "," 1.047,82 ",2912066482,CFD," 0,00 "
13/01/2025 10:16:53,Open Position,NSDQ100/USD," 300,00 ",0.291629," 0,00 "," 4.702,30 "," 747,82 ",2912071359,CFD," 0,00 "
13/01/2025 10:21:21,Position closed,USD/JPY," 101,45 ",3000.000000," 1,45 "," 4.703,75 "," 849,27 ",2912055041,CFD," 0,00 "
13/01/2025 10:21:29,Position closed,NSDQ100/USD," 300,38 ",0.291629," 0,38 "," 4.704,13 "," 1.149,65 ",2912071359,CFD," 0,00 "
13/01/2025 10:21:44,Open Position,USD/JPY," 299,99 ",9000.000000," 0,00 "," 4.704,13 "," 849,66 ",2912072744,CFD," 0,00 "
13/01/2025 10:43:37,Position closed,USD/JPY," 301,25 ",9000.000000," 1,26 "," 4.705,39 "," 1.150,91 ",2912072744,CFD," 0,00 "
13/01/2025 10:44:08,Open Position,NSDQ100/USD," 199,99 ",0.194199," 0,00 "," 4.705,39 "," 950,92 ",2912082763,CFD," 0,00 "
13/01/2025 10:48:42,Position closed,NSDQ100/USD," 201,49 ",0.194199," 1,50 "," 4.706,89 "," 1.152,41 ",2912082763,CFD," 0,00 "
13/01/2025 10:49:28,Open Position,USD/JPY," 100,00 ",3000.000000," 0,00 "," 4.706,89 "," 1.052,41 ",2912087942,CFD," 0,00 "
13/01/2025 12:14:21,Position closed,USD/JPY," 101,11 ",3000.000000," 1,11 "," 4.708,00 "," 1.153,52 ",2912087942,CFD," 0,00 "
13/01/2025 12:46:14,Open Position,USD/JPY," 400,00 ",12000.000000," 0,00 "," 4.708,00 "," 753,52 ",2912152286,CFD," 0,00 "
13/01/2025 13:47:37,Position closed,USD/JPY," 406,80 ",12000.000000," 6,80 "," 4.714,80 "," 1.160,32 ",2912152286,CFD," 0,00 "
13/01/2025 14:00:46,Open Position,NSDQ100/USD," 150,00 ",0.145387," 0,00 "," 4.714,80 "," 1.010,32 ",2912180296,CFD," 0,00 "
13/01/2025 14:01:05,Open Position,USD/JPY," 199,99 ",6000.000000," 0,00 "," 4.714,80 "," 810,33 ",2912180426,CFD," 0,00 "
13/01/2025 14:06:28,Position closed,NSDQ100/USD," 151,31 ",0.145387," 1,31 "," 4.716,11 "," 961,64 ",2912180296,CFD," 0,00 "
13/01/2025 14:06:46,Open Position,USD/JPY," 199,99 ",6000.000000," 0,00 "," 4.716,11 "," 761,65 ",2912182924,CFD," 0,00 "
13/01/2025 14:07:03,Edit Stop Loss,-,"(6,00)",-," 0,00 "," 4.716,11 "," 755,65 ",2911399574,-," 0,00 "
13/01/2025 14:07:25,Open Position,NSDQ100/USD," 99,99 ",0.096957," 0,00 "," 4.716,11 "," 655,66 ",2912183160,CFD," 0,00 "
13/01/2025 14:25:07,Position closed,NSDQ100/USD," 101,75 ",0.096957," 1,76 "," 4.717,87 "," 757,41 ",2912183160,CFD," 0,00 "
13/01/2025 14:25:28,Open Position,NSDQ100/USD," 200,00 ",0.194124," 0,00 "," 4.717,87 "," 557,41 ",2912188989,CFD," 0,00 "
13/01/2025 14:32:31,Position closed,NSDQ100/USD," 200,69 ",0.194124," 0,69 "," 4.718,56 "," 758,10 ",2912188989,CFD," 0,00 "
13/01/2025 14:33:14,Position closed,USD/JPY," 202,20 ",6000.000000," 2,21 "," 4.720,77 "," 960,30 ",2912182924,CFD," 0,00 "
13/01/2025 14:39:09,Position closed,USD/JPY," 201,59 ",6000.000000," 1,60 "," 4.722,37 "," 1.161,89 ",2912180426,CFD," 0,00 "
13/01/2025 14:39:16,Open Position,USD/JPY," 320,00 ",9600.000000," 0,00 "," 4.722,37 "," 841,89 ",2912392076,CFD," 0,00 "
13/01/2025 14:39:46,Open Position,USD/JPY," 199,99 ",6000.000000," 0,00 "," 4.722,37 "," 641,90 ",2912393097,CFD," 0,00 "
13/01/2025 14:53:32,Position closed,USD/JPY," 321,89 ",9600.000000," 1,89 "," 4.724,26 "," 963,79 ",2912392076,CFD," 0,00 "
13/01/2025 14:53:39,Position closed,USD/JPY," 201,55 ",6000.000000," 1,56 "," 4.725,82 "," 1.165,34 ",2912393097,CFD," 0,00 "
13/01/2025 14:54:00,Open Position,USD/JPY," 249,99 ",7500.000000," 0,00 "," 4.725,82 "," 915,35 ",2912568676,CFD," 0,00 "
13/01/2025 14:59:03,Position closed,USD/JPY," 251,71 ",7500.000000," 1,72 "," 4.727,54 "," 1.167,06 ",2912568676,CFD," 0,00 "
13/01/2025 14:59:39,Open Position,USD/JPY," 299,99 ",9000.000000," 0,00 "," 4.727,54 "," 867,07 ",2912620985,CFD," 0,00 "
13/01/2025 15:26:55,Position closed,USD/JPY," 301,25 ",9000.000000," 1,26 "," 4.728,80 "," 1.168,32 ",2912620985,CFD," 0,00 "
13/01/2025 15:27:04,Open Position,USD/JPY," 249,99 ",7500.000000," 0,00 "," 4.728,80 "," 918,33 ",2912686036,CFD," 0,00 "
13/01/2025 15:43:12,Position closed,USD/JPY," 254,37 ",7500.000000," 4,38 "," 4.733,18 "," 1.172,70 ",2912686036,CFD," 0,00 "
13/01/2025 15:43:31,Open Position,USD/JPY," 249,99 ",7500.000000," 0,00 "," 4.733,18 "," 922,71 ",2912716307,CFD," 0,00 "
13/01/2025 16:03:37,Position closed,USD/JPY," 252,75 ",7500.000000," 2,76 "," 4.735,94 "," 1.175,46 ",2912716307,CFD," 0,00 "
13/01/2025 16:04:03,Open Position,USD/JPY," 199,99 ",6000.000000," 0,00 "," 4.735,94 "," 975,47 ",2912762118,CFD," 0,00 "
13/01/2025 16:16:07,Position closed,USD/JPY," 200,83 ",6000.000000," 0,84 "," 4.736,78 "," 1.176,30 ",2912762118,CFD," 0,00 "
13/01/2025 16:16:07,Position closed,USD/JPY," 200,60 ",6000.000000," 0,61 "," 4.737,39 "," 1.376,90 ",2912029436,CFD," 0,00 "
13/01/2025 16:16:43,Open Position,USD/JPY," 100,00 ",3000.000000," 0,00 "," 4.737,39 "," 1.276,90 ",2912782567,CFD," 0,00 "
13/01/2025 16:59:48,Open Position,NSDQ100/USD," 249,99 ",0.242988," 0,00 "," 4.737,39 "," 1.026,91 ",2912830925,CFD," 0,00 "
13/01/2025 17:12:40,Position closed,NSDQ100/USD," 263,79 ",0.242988," 13,80 "," 4.751,19 "," 1.290,70 ",2912830925,CFD," 0,00 "
13/01/2025 17:21:37,Position closed,NSDQ100/USD," 90,02 ",0.096251,"(9,97)"," 4.741,22 "," 1.380,72 ",2911892583,CFD," 0,00 "
13/01/2025 20:10:39,Position closed,USD/JPY," 101,48 ",3000.000000," 1,48 "," 4.742,70 "," 1.482,20 ",2912782567,CFD," 0,00 "
13/01/2025 20:31:36,Open Position,USD/JPY," 199,99 ",6000.000000," 0,00 "," 4.742,70 "," 1.282,21 ",2913039888,CFD," 0,00 "
13/01/2025 20:32:14,Open Position,NSDQ100/USD," 159,27 ",0.144796," 0,00 "," 4.742,70 "," 1.132,21 ",2913041016,CFD," 0,00 "
13/01/2025 21:26:46,Position closed,NSDQ100/USD," 252,01 ",0.240227," 2,01 "," 4.744,71 "," 1.384,22 ",2911873190,CFD," 0,00 "
13/01/2025 23:18:56,Open Position,NSDQ100/USD," 149,99 ",0.143671," 0,00 "," 4.744,71 "," 1.234,23 ",2913098971,CFD," 0,00 "
14/01/2025 00:39:30,Position closed,NSDQ100/USD," 148,86 ",0.143671,"(1,13)"," 4.743,58 "," 1.383,09 ",2913098971,CFD," 0,00 "
14/01/2025 00:49:48,Overnight refund,Daily," 0,48 ",-," 0,48 "," 4.744,06 "," 1.383,57 ",2913039888,CFD," 0,00 "
14/01/2025 00:49:48,Overnight fee,Daily,"(0,05)",-,"(0,05)"," 4.744,01 "," 1.383,52 ",2913041016,CFD," 0,00 "
14/01/2025 00:49:48,Overnight fee,Daily,"(0,46)",-,"(0,46)"," 4.743,55 "," 1.383,06 ",2911399303,CFD," 0,00 "
14/01/2025 00:49:48,Overnight fee,Daily,"(0,70)",-,"(0,70)"," 4.742,85 "," 1.382,36 ",2906817553,CFD," 0,00 "
14/01/2025 00:49:48,Overnight fee,Daily,"(0,71)",-,"(0,71)"," 4.742,14 "," 1.381,65 ",2906873075,CFD," 0,00 "
14/01/2025 00:49:48,Overnight fee,Daily,"(0,92)",-,"(0,92)"," 4.741,22 "," 1.380,73 ",2903936539,CFD," 0,00 "
14/01/2025 00:49:48,Overnight fee,Daily,"(0,93)",-,"(0,93)"," 4.740,29 "," 1.379,80 ",2905931265,CFD," 0,00 "
14/01/2025 00:49:48,Overnight fee,Daily,"(0,99)",-,"(0,99)"," 4.739,30 "," 1.378,81 ",2907347645,CFD," 0,00 "
14/01/2025 00:49:48,Overnight fee,Daily,"(1,16)",-,"(1,16)"," 4.738,14 "," 1.377,65 ",2905582138,CFD," 0,00 "
14/01/2025 00:49:48,Overnight fee,Daily,"(1,17)",-,"(1,17)"," 4.736,97 "," 1.376,48 ",2906817461,CFD," 0,00 "
14/01/2025 00:49:48,Overnight fee,Daily,"(1,17)",-,"(1,17)"," 4.735,80 "," 1.375,31 ",2905903612,CFD," 0,00 "
14/01/2025 00:49:48,Overnight fee,Daily,"(1,43)",-,"(1,43)"," 4.734,37 "," 1.373,88 ",2911399574,CFD," 0,00 "
14/01/2025 01:30:38,Position closed,USD/JPY," 205,31 ",6000.000000," 5,32 "," 4.739,69 "," 1.579,19 ",2913039888,CFD," 0,00 "
14/01/2025 07:44:48,Open Position,USD/JPY," 299,99 ",9000.000000," 0,00 "," 4.739,69 "," 1.279,20 ",2913135466,CFD," 0,00 "
14/01/2025 07:53:44,Open Position,XOF/USD," 90,28 ",109.529025," 0,00 "," 4.739,69 "," 1.079,21 ",2913136785,CFD," 0,00 "
14/01/2025 07:55:56,Position closed,XOF/USD," 50,00 ",30.942342,"(6,50)"," 4.733,19 "," 1.129,21 ",2913136982,CFD," 0,00 "
14/01/2025 08:11:12,Position closed,XOF/USD," 50,00 ",29.139535,"(3,21)"," 4.729,98 "," 1.179,21 ",2913155425,CFD," 0,00 "
14/01/2025 08:11:51,Position closed,USD/JPY," 301,13 ",9000.000000," 1,14 "," 4.731,12 "," 1.480,34 ",2913135466,CFD," 0,00 "
14/01/2025 08:13:35,Open Position,NSDQ100/USD," 149,98 ",0.143534," 0,00 "," 4.731,12 "," 1.330,36 ",2913156354,CFD," 0,00 "
14/01/2025 08:13:54,Open Position,USD/JPY," 299,99 ",9000.000000," 0,00 "," 4.731,12 "," 1.030,37 ",2913156415,CFD," 0,00 "
14/01/2025 08:15:23,Position closed,NSDQ100/USD," 150,76 ",0.143534," 0,78 "," 4.731,90 "," 1.181,13 ",2913156354,CFD," 0,00 "
14/01/2025 08:18:20,Open Position,NSDQ100/USD," 149,99 ",0.143461," 0,00 "," 4.731,90 "," 1.031,14 ",2913157325,CFD," 0,00 "
14/01/2025 08:19:50,Position closed,NSDQ100/USD," 151,28 ",0.143461," 1,29 "," 4.733,19 "," 1.182,42 ",2913157325,CFD," 0,00 "
14/01/2025 08:22:34,Open Position,NSDQ100/USD," 199,99 ",0.191079," 0,00 "," 4.733,19 "," 982,43 ",2913168248,CFD," 0,00 "
14/01/2025 08:24:01,Open Position,USD/JPY," 150,00 ",4500.000000," 0,00 "," 4.733,19 "," 832,43 ",2913168720,CFD," 0,00 "
14/01/2025 08:54:29,Position closed,USD/JPY," 306,16 ",9000.000000," 6,17 "," 4.739,36 "," 1.138,59 ",2913156415,CFD," 0,00 "
14/01/2025 09:00:10,Edit Stop Loss,-,"(9,27)",-," 0,00 "," 4.739,36 "," 1.129,32 ",2913041016,-," 0,00 "
14/01/2025 09:00:24,Position closed,USD/JPY," 157,85 ",4500.000000," 7,85 "," 4.747,21 "," 1.287,17 ",2913168720,CFD," 0,00 "
14/01/2025 09:00:37,Position closed,NSDQ100/USD," 204,38 ",0.191079," 4,39 "," 4.751,60 "," 1.491,55 ",2913168248,CFD," 0,00 "
14/01/2025 09:03:23,Open Position,USD/JPY," 99,99 ",3000.000000," 0,00 "," 4.751,60 "," 1.391,56 ",2913183851,CFD," 0,00 "
14/01/2025 09:07:08,Position closed,NSDQ100/USD," 293,01 ",0.285757,"(12,98)"," 4.738,62 "," 1.684,57 ",2911399574,CFD," 0,00 "
14/01/2025 09:36:24,Open Position,NSDQ100/USD," 199,99 ",0.190995," 0,00 "," 4.738,62 "," 1.484,58 ",2913192288,CFD," 0,00 "
14/01/2025 09:37:26,Open Position,USD/JPY," 149,99 ",4500.000000," 0,00 "," 4.738,62 "," 1.334,59 ",2913192529,CFD," 0,00 "
14/01/2025 11:24:23,Open Position,NSDQ100/USD," 150,00 ",0.143606," 0,00 "," 4.738,62 "," 1.184,59 ",2913224509,CFD," 0,00 "
14/01/2025 11:51:05,Position closed,USD/JPY," 152,01 ",4500.000000," 2,02 "," 4.740,64 "," 1.336,60 ",2913192529,CFD," 0,00 "
14/01/2025 11:51:20,Position closed,NSDQ100/USD," 151,23 ",0.143606," 1,23 "," 4.741,87 "," 1.487,83 ",2913224509,CFD," 0,00 "
14/01/2025 11:51:36,Open Position,NSDQ100/USD," 150,00 ",0.143677," 0,00 "," 4.741,87 "," 1.337,83 ",2913231363,CFD," 0,00 "
14/01/2025 11:52:01,Open Position,USD/JPY," 150,00 ",4500.000000," 0,00 "," 4.741,87 "," 1.187,83 ",2913231438,CFD," 0,00 "
14/01/2025 12:09:41,Position closed,USD/JPY," 154,98 ",4500.000000," 4,98 "," 4.746,85 "," 1.342,81 ",2913231438,CFD," 0,00 "
14/01/2025 12:09:53,Position closed,NSDQ100/USD," 153,14 ",0.143677," 3,14 "," 4.749,99 "," 1.495,95 ",2913231363,CFD," 0,00 "
14/01/2025 12:10:17,Open Position,NSDQ100/USD," 149,99 ",0.143856," 0,00 "," 4.749,99 "," 1.345,96 ",2913234760,CFD," 0,00 "
14/01/2025 12:10:40,Open Position,USD/JPY," 350,00 ",10500.000000," 0,00 "," 4.749,99 "," 995,96 ",2913234836,CFD," 0,00 "
14/01/2025 12:11:07,Position closed,NSDQ100/USD," 150,88 ",0.143856," 0,89 "," 4.750,88 "," 1.146,84 ",2913234760,CFD," 0,00 "
14/01/2025 12:26:25,Position closed,USD/JPY," 356,65 ",10500.000000," 6,65 "," 4.757,53 "," 1.503,49 ",2913234836,CFD," 0,00 "
14/01/2025 12:26:58,Open Position,USD/JPY," 300,00 ",9000.000000," 0,00 "," 4.757,53 "," 1.203,49 ",2913238549,CFD," 0,00 "
14/01/2025 12:30:46,Position closed,USD/JPY," 302,45 ",9000.000000," 2,45 "," 4.759,98 "," 1.505,94 ",2913238549,CFD," 0,00 "
14/01/2025 12:30:56,Open Position,USD/JPY," 300,00 ",9000.000000," 0,00 "," 4.759,98 "," 1.205,94 ",2913239357,CFD," 0,00 "
14/01/2025 12:34:09,Position closed,USD/JPY," 301,20 ",9000.000000," 1,20 "," 4.761,18 "," 1.507,14 ",2913239357,CFD," 0,00 "
14/01/2025 12:34:17,Open Position,USD/JPY," 300,00 ",9000.000000," 0,00 "," 4.761,18 "," 1.207,14 ",2913240167,CFD," 0,00 "
14/01/2025 12:51:06,Open Position,USD/JPY," 150,00 ",4500.000000," 0,00 "," 4.761,18 "," 1.057,14 ",2913243320,CFD," 0,00 "
14/01/2025 13:00:52,Position closed,USD/JPY," 302,22 ",9000.000000," 2,22 "," 4.763,40 "," 1.359,36 ",2913240167,CFD," 0,00 "
14/01/2025 13:01:03,Open Position,USD/JPY," 200,00 ",6000.000000," 0,00 "," 4.763,40 "," 1.159,36 ",2913245166,CFD," 0,00 "
14/01/2025 13:07:54,Position closed,USD/JPY," 201,41 ",6000.000000," 1,41 "," 4.764,81 "," 1.360,77 ",2913245166,CFD," 0,00 "
14/01/2025 13:08:05,Open Position,USD/JPY," 200,00 ",6000.000000," 0,00 "," 4.764,81 "," 1.160,77 ",2913246371,CFD," 0,00 "
14/01/2025 13:29:16,Position closed,XOF/USD," 105,11 ",49.447148," 14,83 "," 4.779,64 "," 1.265,88 ",2913136785,CFD," 0,00 "
14/01/2025 13:31:16,Position closed,NSDQ100/USD," 204,79 ",0.190995," 4,80 "," 4.784,44 "," 1.470,67 ",2913192288,CFD," 0,00 "
14/01/2025 13:31:16,Position closed,USD/JPY," 105,34 ",3000.000000," 5,35 "," 4.789,79 "," 1.576,01 ",2913183851,CFD," 0,00 "
14/01/2025 13:31:16,Position closed,USD/JPY," 137,43 ",4500.000000,"(12,57)"," 4.777,22 "," 1.713,44 ",2913243320,CFD," 0,00 "
14/01/2025 13:31:16,Position closed,USD/JPY," 209,68 ",6000.000000," 9,68 "," 4.786,90 "," 1.923,12 ",2913246371,CFD," 0,00 "
14/01/2025 13:34:50,Open Position,USD/JPY," 199,99 ",6000.000000," 0,00 "," 4.786,90 "," 1.723,13 ",2913256140,CFD," 0,00 "
14/01/2025 13:35:33,Position closed,USD/JPY," 201,93 ",6000.000000," 1,94 "," 4.788,84 "," 1.925,06 ",2913256140,CFD," 0,00 "
14/01/2025 13:35:56,Open Position,USD/JPY," 199,99 ",6000.000000," 0,00 "," 4.788,84 "," 1.725,07 ",2913256717,CFD," 0,00 "
14/01/2025 13:38:17,Position closed,USD/JPY," 202,69 ",6000.000000," 2,70 "," 4.791,54 "," 1.927,76 ",2913256717,CFD," 0,00 "
14/01/2025 13:38:32,Open Position,USD/JPY," 199,99 ",6000.000000," 0,00 "," 4.791,54 "," 1.727,77 ",2913257767,CFD," 0,00 "
14/01/2025 13:52:55,Open Position,USD/JPY," 150,00 ",4500.000000," 0,00 "," 4.791,54 "," 1.577,77 ",2913265610,CFD," 0,00 "
14/01/2025 13:53:06,Position closed,USD/JPY," 151,54 ",4500.000000," 1,54 "," 4.793,08 "," 1.729,31 ",2913265610,CFD," 0,00 "
14/01/2025 13:53:06,Position closed,USD/JPY," 202,19 ",6000.000000," 2,20 "," 4.795,28 "," 1.931,50 ",2913257767,CFD," 0,00 "
14/01/2025 13:54:35,Open Position,USD/JPY," 150,00 ",4500.000000," 0,00 "," 4.795,28 "," 1.781,50 ",2913266167,CFD," 0,00 "
14/01/2025 13:54:48,Open Position,USD/JPY," 99,99 ",3000.000000," 0,00 "," 4.795,28 "," 1.681,51 ",2913266200,CFD," 0,00 "
14/01/2025 14:13:14,Open Position,NSDQ100/USD," 149,99 ",0.143712," 0,00 "," 4.795,28 "," 1.531,52 ",2913272825,CFD," 0,00 "
14/01/2025 14:23:13,Position closed,NSDQ100/USD," 155,09 ",0.143712," 5,10 "," 4.800,38 "," 1.686,61 ",2913272825,CFD," 0,00 "
14/01/2025 14:23:43,Open Position,NSDQ100/USD," 199,99 ",0.191256," 0,00 "," 4.800,38 "," 1.486,62 ",2913275703,CFD," 0,00 "
14/01/2025 14:25:06,Position closed,NSDQ100/USD," 200,40 ",0.191256," 0,41 "," 4.800,79 "," 1.687,02 ",2913275703,CFD," 0,00 "
14/01/2025 14:26:57,Open Position,NSDQ100/USD," 299,99 ",0.286934," 0,00 "," 4.800,79 "," 1.387,03 ",2913277241,CFD," 0,00 "
14/01/2025 14:28:03,Position closed,NSDQ100/USD," 301,56 ",0.286934," 1,57 "," 4.802,36 "," 1.688,59 ",2913277241,CFD," 0,00 "
14/01/2025 14:28:13,Open Position,NSDQ100/USD," 349,99 ",0.334638," 0,00 "," 4.802,36 "," 1.338,60 ",2913277478,CFD," 0,00 "
14/01/2025 14:31:07,Open Position,NSDQ100/USD," 250,00 ",0.239408," 0,00 "," 4.802,36 "," 1.088,60 ",2913351798,CFD," 0,00 "
14/01/2025 14:39:17,Position closed,NSDQ100/USD," 262,49 ",0.239408," 12,49 "," 4.814,85 "," 1.351,09 ",2913351798,CFD," 0,00 "
14/01/2025 14:39:22,Position closed,NSDQ100/USD," 355,71 ",0.334638," 5,72 "," 4.820,57 "," 1.706,80 ",2913277478,CFD," 0,00 "
14/01/2025 14:39:36,Open Position,NSDQ100/USD," 249,97 ",0.238863," 0,00 "," 4.820,57 "," 1.456,83 ",2913375246,CFD," 0,00 "
14/01/2025 14:39:56,Position closed,USD/JPY," 102,73 ",3000.000000," 2,74 "," 4.823,31 "," 1.559,56 ",2913266200,CFD," 0,00 "
14/01/2025 14:40:06,Position closed,NSDQ100/USD," 254,26 ",0.238863," 4,29 "," 4.827,60 "," 1.813,82 ",2913375246,CFD," 0,00 "
14/01/2025 14:40:25,Open Position,NSDQ100/USD," 249,99 ",0.238738," 0,00 "," 4.827,60 "," 1.563,83 ",2913376692,CFD," 0,00 "
14/01/2025 15:26:10,Position closed,USD/JPY," 153,28 ",4500.000000," 3,28 "," 4.830,88 "," 1.717,11 ",2913266167,CFD," 0,00 "
14/01/2025 15:26:38,Open Position,USD/JPY," 200,00 ",6000.000000," 0,00 "," 4.830,88 "," 1.517,11 ",2913700849,CFD," 0,00 "
14/01/2025 15:36:37,Open Position,USD/JPY," 250,00 ",7500.000000," 0,00 "," 4.830,88 "," 1.267,11 ",2913758213,CFD," 0,00 "
14/01/2025 15:38:39,Open Position,NVDA.EXT/USD," 99,99 ",3.783350," 0,00 "," 4.830,88 "," 1.167,12 ",2913774375,CFD," 0,00 "
14/01/2025 15:40:16,Open Position,NSDQ100/USD," 250,00 ",0.240434," 0,00 "," 4.830,88 "," 917,12 ",2913791395,CFD," 0,00 "
14/01/2025 16:00:29,Position closed,USD/JPY," 254,61 ",7500.000000," 4,61 "," 4.835,49 "," 1.171,73 ",2913758213,CFD," 0,00 "
14/01/2025 16:00:40,Open Position,USD/JPY," 380,00 ",11400.000000," 0,00 "," 4.835,49 "," 791,73 ",2913906976,CFD," 0,00 "
14/01/2025 16:02:35,Position closed,USD/JPY," 383,68 ",11400.000000," 3,68 "," 4.839,17 "," 1.175,41 ",2913906976,CFD," 0,00 "
14/01/2025 16:02:44,Position closed,USD/JPY," 201,98 ",6000.000000," 1,98 "," 4.841,15 "," 1.377,39 ",2913700849,CFD," 0,00 "
14/01/2025 16:03:14,Open Position,USD/JPY," 300,00 ",9000.000000," 0,00 "," 4.841,15 "," 1.077,39 ",2913931277,CFD," 0,00 "
14/01/2025 16:18:51,Open Position,NSDQ100/USD," 149,99 ",0.144670," 0,00 "," 4.841,15 "," 927,40 ",2914007280,CFD," 0,00 "
14/01/2025 16:19:04,Open Position,NSDQ100/USD," 149,99 ",0.144656," 0,00 "," 4.841,15 "," 777,41 ",2914007735,CFD," 0,00 "
14/01/2025 16:36:59,Position closed,NSDQ100/USD," 151,35 ",0.144670," 1,36 "," 4.842,51 "," 928,76 ",2914007280,CFD," 0,00 "
14/01/2025 16:37:10,Position closed,NSDQ100/USD," 151,20 ",0.144656," 1,21 "," 4.843,72 "," 1.079,96 ",2914007735,CFD," 0,00 "
14/01/2025 16:37:20,Open Position,NSDQ100/USD," 250,00 ",0.241052," 0,00 "," 4.843,72 "," 829,96 ",2914053865,CFD," 0,00 "
14/01/2025 16:49:18,Position closed,NSDQ100/USD," 163,02 ",0.144796," 3,75 "," 4.847,47 "," 992,98 ",2913041016,CFD," 0,00 "
14/01/2025 16:51:31,Open Position,USD/JPY," 200,00 ",6000.000000," 0,00 "," 4.847,47 "," 792,98 ",2914086545,CFD," 0,00 "
14/01/2025 18:45:13,Position closed,NSDQ100/USD," 265,93 ",0.241052," 15,93 "," 4.863,40 "," 1.058,91 ",2914053865,CFD," 0,00 "
14/01/2025 18:45:27,Position closed,NSDQ100/USD," 253,12 ",0.240434," 3,12 "," 4.866,52 "," 1.312,03 ",2913791395,CFD," 0,00 "
14/01/2025 19:12:15,Open Position,USD/JPY," 174,99 ",4500.000000," 0,00 "," 4.866,52 "," 1.162,03 ",2914380032,CFD," 0,00 "
14/01/2025 19:39:25,Position closed,USD/JPY," 202,81 ",6000.000000," 2,81 "," 4.869,33 "," 1.364,84 ",2914086545,CFD," 0,00 "
14/01/2025 19:40:08,Open Position,USD/JPY," 250,00 ",7500.000000," 0,00 "," 4.869,33 "," 1.114,84 ",2914407242,CFD," 0,00 "
14/01/2025 19:44:40,Open Position,XOF/USD," 250,00 ",138.811771," 0,00 "," 4.869,33 "," 864,84 ",2914410717,CFD," 0,00 "
14/01/2025 19:59:07,Position closed,XOF/USD," 291,64 ",138.811771," 41,64 "," 4.910,97 "," 1.156,48 ",2914410717,CFD," 0,00 "
14/01/2025 20:06:55,Open Position,XOF/USD," 200,00 ",107.469102," 0,00 "," 4.910,97 "," 956,48 ",2914426011,CFD," 0,00 "
14/01/2025 20:09:21,Open Position,NSDQ100/USD," 299,99 ",0.290616," 0,00 "," 4.910,97 "," 656,49 ",2914428162,CFD," 0,00 "
14/01/2025 20:12:48,Position closed,USD/JPY," 250,90 ",7500.000000," 0,90 "," 4.911,87 "," 907,39 ",2914407242,CFD," 0,00 "
14/01/2025 20:18:54,Position closed,XOF/USD," 205,37 ",107.469102," 5,37 "," 4.917,24 "," 1.112,76 ",2914426011,CFD," 0,00 "
14/01/2025 20:20:52,Open Position,XOF/USD," 249,99 ",135.427952," 0,00 "," 4.917,24 "," 862,77 ",2914448926,CFD," 0,00 "
14/01/2025 20:31:21,Position closed,NSDQ100/USD," 304,79 ",0.290616," 4,80 "," 4.922,04 "," 1.167,56 ",2914428162,CFD," 0,00 "
14/01/2025 20:31:42,Open Position,NSDQ100/USD," 149,99 ",0.145167," 0,00 "," 4.922,04 "," 1.017,57 ",2914502420,CFD," 0,00 "
14/01/2025 20:45:35,Position closed,XOF/USD," 249,99 ",135.427952," 0,00 "," 4.922,04 "," 1.267,56 ",2914448926,CFD," 0,00 "
14/01/2025 20:46:08,Position closed,NSDQ100/USD," 151,12 ",0.145167," 1,13 "," 4.923,17 "," 1.418,68 ",2914502420,CFD," 0,00 "
14/01/2025 20:50:58,Open Position,NSDQ100/USD," 250,00 ",0.241393," 0,00 "," 4.923,17 "," 1.168,68 ",2914515984,CFD," 0,00 "
14/01/2025 20:54:05,Position closed,NSDQ100/USD," 252,53 ",0.241393," 2,53 "," 4.925,70 "," 1.421,21 ",2914515984,CFD," 0,00 "
14/01/2025 20:55:12,Open Position,NSDQ100/USD," 200,00 ",0.192981," 0,00 "," 4.925,70 "," 1.221,21 ",2914520327,CFD," 0,00 "
14/01/2025 20:55:46,Position closed,NSDQ100/USD," 201,60 ",0.192981," 1,60 "," 4.927,30 "," 1.422,81 ",2914520327,CFD," 0,00 "
14/01/2025 20:57:57,Open Position,NSDQ100/USD," 250,00 ",0.241038," 0,00 "," 4.927,30 "," 1.172,81 ",2914523407,CFD," 0,00 "
14/01/2025 20:59:42,Open Position,XOF/USD," 200,00 ",110.436223," 0,00 "," 4.927,30 "," 972,81 ",2914525164,CFD," 0,00 "
14/01/2025 21:00:16,Position closed,NSDQ100/USD," 256,83 ",0.241038," 6,83 "," 4.934,13 "," 1.229,64 ",2914523407,CFD," 0,00 "
14/01/2025 23:03:29,Position closed,XOF/USD," 192,27 ",110.436223,"(7,73)"," 4.926,40 "," 1.421,91 ",2914525164,CFD," 0,00 "
15/01/2025 00:09:34,Open Position,NSDQ100/USD," 199,99 ",0.192502," 0,00 "," 4.926,40 "," 1.221,92 ",2914544130,CFD," 0,00 "
15/01/2025 00:48:42,Overnight refund,Daily," 0,36 ",-," 0,36 "," 4.926,76 "," 1.222,28 ",2914380032,CFD," 0,00 "
15/01/2025 00:48:42,Overnight fee,Daily,"(0,15)",-,"(0,15)"," 4.926,61 "," 1.222,13 ",2913774375,CFD," 0,00 "
15/01/2025 00:48:42,Overnight fee,Daily,"(0,46)",-,"(0,46)"," 4.926,15 "," 1.221,67 ",2911399303,CFD," 0,00 "
15/01/2025 00:48:42,Overnight fee,Daily,"(0,70)",-,"(0,70)"," 4.925,45 "," 1.220,97 ",2906817553,CFD," 0,00 "
15/01/2025 00:48:42,Overnight fee,Daily,"(0,71)",-,"(0,71)"," 4.924,74 "," 1.220,26 ",2906873075,CFD," 0,00 "
15/01/2025 00:48:42,Overnight fee,Daily,"(0,92)",-,"(0,92)"," 4.923,82 "," 1.219,34 ",2903936539,CFD," 0,00 "
15/01/2025 00:48:42,Overnight fee,Daily,"(0,93)",-,"(0,93)"," 4.922,89 "," 1.218,41 ",2905931265,CFD," 0,00 "
15/01/2025 00:48:42,Overnight fee,Daily,"(0,99)",-,"(0,99)"," 4.921,90 "," 1.217,42 ",2907347645,CFD," 0,00 "
15/01/2025 00:48:42,Overnight fee,Daily,"(1,16)",-,"(1,16)"," 4.920,74 "," 1.216,26 ",2905582138,CFD," 0,00 "
15/01/2025 00:48:42,Overnight fee,Daily,"(1,17)",-,"(1,17)"," 4.919,57 "," 1.215,09 ",2905903612,CFD," 0,00 "
15/01/2025 00:48:42,Overnight fee,Daily,"(1,17)",-,"(1,17)"," 4.918,40 "," 1.213,92 ",2906817461,CFD," 0,00 "
15/01/2025 00:48:42,Overnight fee,Daily,"(1,19)",-,"(1,19)"," 4.917,21 "," 1.212,73 ",2913376692,CFD," 0,00 "
15/01/2025 00:48:42,Overnight fee,Daily,"(1,42)",-,"(1,42)"," 4.915,79 "," 1.211,31 ",2913931277,CFD," 0,00 "
15/01/2025 04:22:17,Position closed,USD/JPY," 303,19 ",9000.000000," 3,19 "," 4.918,98 "," 1.514,50 ",2913931277,CFD," 0,00 "
15/01/2025 07:43:11,Open Position,USD/JPY," 199,99 ",6000.000000," 0,00 "," 4.918,98 "," 1.314,51 ",2914601816,CFD," 0,00 "
15/01/2025 08:13:29,Position closed,USD/JPY," 184,03 ",6000.000000,"(15,96)"," 4.903,02 "," 1.498,54 ",2914601816,CFD," 0,00 "
15/01/2025 08:17:29,Open Position,USD/JPY," 150,00 ",4500.000000," 0,00 "," 4.903,02 "," 1.348,54 ",2914633250,CFD," 0,00 "
15/01/2025 08:37:15,Position closed,USD/JPY," 154,59 ",4500.000000," 4,59 "," 4.907,61 "," 1.503,13 ",2914633250,CFD," 0,00 "
15/01/2025 08:37:25,Position closed,NSDQ100/USD," 201,30 ",0.192502," 1,31 "," 4.908,92 "," 1.704,43 ",2914544130,CFD," 0,00 "
15/01/2025 08:40:26,Open Position,XOF/USD," 140,44 ",136.911281," 0,00 "," 4.908,92 "," 1.454,43 ",2914659217,CFD," 0,00 "
15/01/2025 09:36:04,Open Position,USD/JPY," 150,00 ",4500.000000," 0,00 "," 4.908,92 "," 1.304,43 ",2914676275,CFD," 0,00 "
15/01/2025 09:39:59,Position closed,XOF/USD," 91,56 ",60.000000,"(18,00)"," 4.890,92 "," 1.395,99 ",2914677184,CFD," 0,00 "
15/01/2025 11:48:04,Position closed,USD/JPY," 154,30 ",4500.000000," 4,30 "," 4.895,22 "," 1.550,29 ",2914676275,CFD," 0,00 "
15/01/2025 12:02:38,Index price adjustment,NSDQ100/USD," 0,01 ",-," 0,01 "," 4.895,23 "," 1.550,30 ",2906817461,CFD," 0,00 "
15/01/2025 12:02:38,Index price adjustment,NSDQ100/USD," 0,01 ",-," 0,01 "," 4.895,24 "," 1.550,31 ",2911399574,CFD," 0,00 "
15/01/2025 12:02:38,Index price adjustment,NSDQ100/USD," 0,01 ",-," 0,01 "," 4.895,25 "," 1.550,32 ",2911873190,CFD," 0,00 "
15/01/2025 12:13:18,Position closed,NSDQ100/USD," 227,10 ",0.238738,"(22,89)"," 4.872,36 "," 1.777,42 ",2913376692,CFD," 0,00 "
15/01/2025 12:14:50,Open Position,USD/JPY," 199,99 ",6000.000000," 0,00 "," 4.872,36 "," 1.577,43 ",2914712669,CFD," 0,00 "
15/01/2025 13:06:33,Position closed,USD/JPY," 202,05 ",6000.000000," 2,06 "," 4.874,42 "," 1.779,48 ",2914712669,CFD," 0,00 "
15/01/2025 13:14:37,Open Position,USD/JPY," 199,99 ",6000.000000," 0,00 "," 4.874,42 "," 1.579,49 ",2914729654,CFD," 0,00 "
15/01/2025 13:16:22,Open Position,NSDQ100/USD," 200,00 ",0.192050," 0,00 "," 4.874,42 "," 1.379,49 ",2914730024,CFD," 0,00 "
15/01/2025 13:16:47,Open Position,NSDQ100/USD," 99,99 ",0.096025," 0,00 "," 4.874,42 "," 1.279,50 ",2914730146,CFD," 0,00 "
15/01/2025 13:17:05,Position closed,NSDQ100/USD," 99,64 ",0.096025,"(0,35)"," 4.874,07 "," 1.379,14 ",2914730146,CFD," 0,00 "
15/01/2025 13:27:09,Position closed,NVDA.EXT/USD," 99,06 ",3.783350,"(0,93)"," 4.873,14 "," 1.478,20 ",2913774375,CFD," 0,00 "
15/01/2025 13:30:06,Position closed,XOF/USD," 68,91 ",76.911281,"(71,53)"," 4.801,61 "," 1.547,11 ",2914659217,CFD," 0,00 "
15/01/2025 13:35:03,Open Position,NSDQ100/USD," 149,99 ",0.141966," 0,00 "," 4.801,61 "," 1.397,12 ",2914742128,CFD," 0,00 "
15/01/2025 13:36:43,Position closed,NSDQ100/USD," 148,36 ",0.141966,"(1,63)"," 4.799,98 "," 1.545,48 ",2914742128,CFD," 0,00 "
15/01/2025 13:42:36,Open Position,USD/JPY," 150,00 ",4500.000000," 0,00 "," 4.799,98 "," 1.395,48 ",2914750469,CFD," 0,00 "
15/01/2025 13:43:11,Open Position,NVDA.EXT/USD," 149,98 ",5.589048," 0,00 "," 4.799,98 "," 1.245,50 ",2914750879,CFD," 0,00 "
15/01/2025 13:43:23,Open Position,NSDQ100/USD," 199,98 ",0.189259," 0,00 "," 4.799,98 "," 1.045,52 ",2914750996,CFD," 0,00 "
15/01/2025 13:45:14,Position closed,NSDQ100/USD," 201,20 ",0.189259," 1,22 "," 4.801,20 "," 1.246,72 ",2914750996,CFD," 0,00 "
15/01/2025 13:45:25,Open Position,NSDQ100/USD," 250,00 ",0.236334," 0,00 "," 4.801,20 "," 996,72 ",2914752646,CFD," 0,00 "
15/01/2025 13:53:58,Position closed,USD/JPY," 143,81 ",4500.000000,"(6,19)"," 4.795,01 "," 1.140,53 ",2914750469,CFD," 0,00 "
15/01/2025 13:54:09,Open Position,NSDQ100/USD," 199,99 ",0.189295," 0,00 "," 4.795,01 "," 940,54 ",2914759190,CFD," 0,00 "
15/01/2025 14:02:37,Open Position,NSDQ100/USD," 149,99 ",0.141920," 0,00 "," 4.795,01 "," 790,55 ",2914764315,CFD," 0,00 "
15/01/2025 14:03:24,Position closed,NSDQ100/USD," 140,16 ",0.192050,"(59,84)"," 4.735,17 "," 930,71 ",2914730024,CFD," 0,00 "
15/01/2025 14:04:00,Position closed,NSDQ100/USD," 201,21 ",0.189295," 1,22 "," 4.736,39 "," 1.131,92 ",2914759190,CFD," 0,00 "
15/01/2025 14:04:18,Open Position,NSDQ100/USD," 149,99 ",0.141903," 0,00 "," 4.736,39 "," 981,93 ",2914765146,CFD," 0,00 "
15/01/2025 14:23:59,Edit Stop Loss,-,"(24,99)",-," 0,00 "," 4.736,39 "," 956,94 ",2914380032,-," 0,00 "
15/01/2025 14:46:46,Position closed,NSDQ100/USD," 150,65 ",0.141920," 0,66 "," 4.737,05 "," 1.107,59 ",2914764315,CFD," 0,00 "
15/01/2025 14:47:09,Position closed,NSDQ100/USD," 151,92 ",0.141903," 1,93 "," 4.738,98 "," 1.259,51 ",2914765146,CFD," 0,00 "
15/01/2025 14:47:21,Open Position,NSDQ100/USD," 200,00 ",0.189065," 0,00 "," 4.738,98 "," 1.059,51 ",2914914256,CFD," 0,00 "
15/01/2025 14:49:37,Position closed,NSDQ100/USD," 204,22 ",0.189065," 4,22 "," 4.743,20 "," 1.263,73 ",2914914256,CFD," 0,00 "
15/01/2025 14:49:43,Position closed,NSDQ100/USD," 255,74 ",0.236334," 5,74 "," 4.748,94 "," 1.519,47 ",2914752646,CFD," 0,00 "
15/01/2025 14:49:52,Open Position,NSDQ100/USD," 250,00 ",0.236061," 0,00 "," 4.748,94 "," 1.269,47 ",2914919439,CFD," 0,00 "
15/01/2025 14:56:35,Open Position,NSDQ100/USD," 149,99 ",0.141781," 0,00 "," 4.748,94 "," 1.119,48 ",2915045593,CFD," 0,00 "
15/01/2025 14:58:30,Position closed,NSDQ100/USD," 151,04 ",0.141781," 1,05 "," 4.749,99 "," 1.270,52 ",2915045593,CFD," 0,00 "
15/01/2025 14:59:08,Open Position,NSDQ100/USD," 149,99 ",0.141685," 0,00 "," 4.749,99 "," 1.120,53 ",2915051980,CFD," 0,00 "
15/01/2025 15:01:40,Position closed,NSDQ100/USD," 263,11 ",0.198159," 0,61 "," 4.750,60 "," 1.383,64 ",2907347645,CFD," 0,00 "
15/01/2025 15:01:56,Position closed,NSDQ100/USD," 253,95 ",0.236061," 3,95 "," 4.754,55 "," 1.637,59 ",2914919439,CFD," 0,00 "
15/01/2025 15:02:03,Position closed,NSDQ100/USD," 153,93 ",0.141685," 3,94 "," 4.758,49 "," 1.791,52 ",2915051980,CFD," 0,00 "
15/01/2025 15:02:17,Open Position,NSDQ100/USD," 249,99 ",0.235777," 0,00 "," 4.758,49 "," 1.541,53 ",2915060054,CFD," 0,00 "
15/01/2025 15:03:54,Position closed,NSDQ100/USD," 251,24 ",0.235777," 1,25 "," 4.759,74 "," 1.792,77 ",2915060054,CFD," 0,00 "
15/01/2025 15:04:04,Open Position,NSDQ100/USD," 249,99 ",0.235713," 0,00 "," 4.759,74 "," 1.542,78 ",2915064005,CFD," 0,00 "
15/01/2025 15:04:19,Open Position,NSDQ100/USD," 99,99 ",0.094321," 0,00 "," 4.759,74 "," 1.442,79 ",2915064435,CFD," 0,00 "
15/01/2025 15:17:46,Position closed,NSDQ100/USD," 255,41 ",0.235713," 5,42 "," 4.765,16 "," 1.698,20 ",2915064005,CFD," 0,00 "
15/01/2025 15:18:02,Position closed,NSDQ100/USD," 103,08 ",0.094321," 3,09 "," 4.768,25 "," 1.801,28 ",2915064435,CFD," 0,00 "
15/01/2025 15:19:46,Open Position,NSDQ100/USD," 200,00 ",0.188273," 0,00 "," 4.768,25 "," 1.601,28 ",2915096483,CFD," 0,00 "
15/01/2025 15:39:17,Position closed,NVDA.EXT/USD," 150,75 ",5.589048," 0,77 "," 4.769,02 "," 1.752,03 ",2914750879,CFD," 0,00 "
15/01/2025 15:39:41,Open Position,NSDQ100/USD," 149,99 ",0.141316," 0,00 "," 4.769,02 "," 1.602,04 ",2915163354,CFD," 0,00 "
15/01/2025 17:44:35,Open Position,NSDQ100/USD," 149,99 ",0.141524," 0,00 "," 4.769,02 "," 1.452,05 ",2915312086,CFD," 0,00 "
15/01/2025 18:06:52,Withdraw Fee,-,"(5,00)",-,"(5,00)"," 4.764,02 "," 1.447,05 ",-,-," 0,00 "
15/01/2025 18:06:52,Withdrawal Conversion Fee,-," 0,00 ",-," 0,00 "," 4.659,02 "," 1.342,05 ",-,-," 0,00 "
15/01/2025 18:06:52,Withdraw Request,-,"(105,00)",-,"(105,00)"," 4.659,02 "," 1.342,05 ",-,-," 0,00 "
15/01/2025 18:20:07,Position closed,NSDQ100/USD," 151,75 ",0.141524," 1,76 "," 4.660,78 "," 1.493,80 ",2915312086,CFD," 0,00 "
15/01/2025 18:20:52,Open Position,NSDQ100/USD," 200,00 ",0.188573," 0,00 "," 4.660,78 "," 1.293,80 ",2915335769,CFD," 0,00 "
15/01/2025 18:46:29,Position closed,NSDQ100/USD," 202,41 ",0.188573," 2,41 "," 4.663,19 "," 1.496,21 ",2915335769,CFD," 0,00 "
15/01/2025 19:10:12,Position closed,NSDQ100/USD," 149,74 ",0.141316,"(0,25)"," 4.662,94 "," 1.645,95 ",2915163354,CFD," 0,00 "
15/01/2025 19:13:06,Position closed,NSDQ100/USD," 191,97 ",0.141121,"(4,11)"," 4.658,83 "," 1.837,92 ",2906873075,CFD," 0,00 "
15/01/2025 19:22:34,Open Position,USD/JPY," 249,99 ",7500.000000," 0,00 "," 4.658,83 "," 1.587,93 ",2915384073,CFD," 0,00 "
15/01/2025 19:28:22,Position closed,NSDQ100/USD," 200,62 ",0.188273," 0,62 "," 4.659,45 "," 1.788,55 ",2915096483,CFD," 0,00 "
15/01/2025 19:40:37,Position closed,NSDQ100/USD," 197,58 ",0.140792,"(5,17)"," 4.654,28 "," 1.986,13 ",2906817553,CFD," 0,00 "
15/01/2025 19:42:30,Position closed,NSDQ100/USD," 325,27 ",0.234668,"(12,44)"," 4.641,84 "," 2.311,40 ",2906817461,CFD," 0,00 "
15/01/2025 19:42:49,Position closed,NSDQ100/USD," 257,18 ",0.184380,"(81,35)"," 4.560,49 "," 2.568,58 ",2903936539,CFD," 0,00 "
15/01/2025 19:42:49,Position closed,NSDQ100/USD," 322,68 ",0.231986,"(69,58)"," 4.490,91 "," 2.891,26 ",2905582138,CFD," 0,00 "
15/01/2025 19:42:49,Position closed,NSDQ100/USD," 323,95 ",0.233318,"(41,28)"," 4.449,63 "," 3.215,21 ",2905903612,CFD," 0,00 "
15/01/2025 19:42:49,Position closed,NSDQ100/USD," 259,29 ",0.186783,"(30,19)"," 4.419,44 "," 3.474,50 ",2905931265,CFD," 0,00 "
15/01/2025 19:45:40,Open Position,NSDQ100/USD," 249,99 ",0.235301," 0,00 "," 4.419,44 "," 3.224,51 ",2915407330,CFD," 0,00 "
15/01/2025 19:47:04,Position closed,NSDQ100/USD," 251,31 ",0.235301," 1,32 "," 4.420,76 "," 3.475,82 ",2915407330,CFD," 0,00 "
15/01/2025 19:47:19,Open Position,NSDQ100/USD," 299,99 ",0.282268," 0,00 "," 4.420,76 "," 3.175,83 ",2915408688,CFD," 0,00 "
15/01/2025 19:49:11,Position closed,NVDA.EXT/USD," 297,14 ",11.654527,"(22,83)"," 4.397,93 "," 3.472,97 ",2911399303,CFD," 0,00 "
15/01/2025 20:11:34,Position closed,NSDQ100/USD," 303,49 ",0.282268," 3,50 "," 4.401,43 "," 3.776,46 ",2915408688,CFD," 0,00 "
15/01/2025 20:12:12,Open Position,NSDQ100/USD," 200,00 ",0.188008," 0,00 "," 4.401,43 "," 3.576,46 ",2915428148,CFD," 0,00 "
15/01/2025 20:25:00,Position closed,NSDQ100/USD," 201,35 ",0.188008," 1,35 "," 4.402,78 "," 3.777,81 ",2915428148,CFD," 0,00 "
15/01/2025 20:26:08,Open Position,NSDQ100/USD," 274,99 ",0.258329," 0,00 "," 4.402,78 "," 3.502,82 ",2915441940,CFD," 0,00 "
15/01/2025 20:40:28,Open Position,NSDQ100/USD," 149,99 ",0.141046," 0,00 "," 4.402,78 "," 3.352,83 ",2915456210,CFD," 0,00 "
15/01/2025 21:14:26,Open Position,NSDQ100/USD," 149,99 ",0.141375," 0,00 "," 4.402,78 "," 3.202,84 ",2915512467,CFD," 0,00 "
15/01/2025 23:23:32,Position closed,NSDQ100/USD," 153,21 ",0.141375," 3,22 "," 4.406,00 "," 3.356,05 ",2915512467,CFD," 0,00 "
15/01/2025 23:24:14,Open Position,NSDQ100/USD," 199,99 ",0.188264," 0,00 "," 4.406,00 "," 3.156,06 ",2915535646,CFD," 0,00 "
15/01/2025 23:47:22,Position closed,NSDQ100/USD," 201,08 ",0.188264," 1,09 "," 4.407,09 "," 3.357,14 ",2915535646,CFD," 0,00 "
15/01/2025 23:48:08,Open Position,NSDQ100/USD," 250,00 ",0.235231," 0,00 "," 4.407,09 "," 3.107,14 ",2915539257,CFD," 0,00 "