Type,Product,Started Date,Completed Date,Description,Amount,Fee,Currency,State,Balance
TOPUP,Current,2024-01-18 10:42:07,2024-01-18 10:42:50,Top-Up by *4164,2250.00,0.00,RON,COMPLETED,2294.19
TRANSFER,Current,2024-01-18 10:45:57,2024-01-18 10:45:58,To LAURENTIU-IRINEL STAVARACHE,-2250.00,0.00,RON,COMPLETED,44.19
TOPUP,Current,2024-01-24 12:20:38,2024-01-24 12:20:42,Top-Up by *4164,150.00,0.00,RON,COMPLETED,194.19
TOPUP,Current,2024-01-24 12:22:53,2024-01-24 12:22:55,Top-Up by *4164,60.00,0.00,RON,COMPLETED,254.19
TRANSFER,Current,2024-01-24 12:23:22,2024-01-24 12:23:22,To LAURENTIU-IRINEL STAVARACHE,-200.00,0.00,RON,COMPLETED,54.19
TOPUP,Current,2024-01-30 09:18:11,2024-01-30 09:18:13,Top-Up by *4164,200.00,0.00,RON,COMPLETED,254.19
TRANSFER,Current,2024-01-30 09:18:53,2024-01-30 09:18:53,To LAURENTIU-IRINEL STAVARACHE,-185.00,0.00,RON,COMPLETED,69.19
TRANSFER,Current,2024-02-10 15:23:12,2024-02-10 15:23:12,From MIRUNA-IOANA PAMPEA,100.00,0.00,RON,COMPLETED,169.19
TRANSFER,Current,2024-02-17 16:02:33,2024-02-17 16:02:33,To COSMIN-IONUT DRAGUT,-92.00,0.00,RON,COMPLETED,77.19
TOPUP,Current,2024-02-17 16:03:41,2024-02-17 16:03:44,Apple Pay Top-Up by *4109,2250.00,0.00,RON,COMPLETED,2327.19
TRANSFER,Current,2024-02-17 16:04:06,2024-02-17 16:04:06,To LAURENTIU-IRINEL STAVARACHE,-2250.00,0.00,RON,COMPLETED,77.19
TRANSFER,Current,2024-02-23 13:26:44,2024-02-23 13:26:44,To MIRUNA-IOANA PAMPEA,-16.00,0.00,RON,COMPLETED,61.19
TRANSFER,Current,2024-02-25 19:50:45,2024-02-25 19:50:45,From MIRUNA-IOANA PAMPEA,63.00,0.00,RON,COMPLETED,124.19
CARD_PAYMENT,Current,2024-02-25 19:51:33,2024-02-26 17:43:33,Glovo,-62.40,0.00,RON,COMPLETED,61.79
TOPUP,Current,2024-02-29 09:56:44,2024-02-29 09:56:49,Apple Pay Top-Up by *4109,250.00,0.00,RON,COMPLETED,311.79
TRANSFER,Current,2024-02-29 09:57:36,2024-02-29 09:57:37,To LAURENTIU-IRINEL STAVARACHE,-250.00,0.00,RON,COMPLETED,61.79
TRANSFER,Current,2024-03-05 22:13:41,2024-03-05 22:13:41,To EDWARD-CRISTIAN POPESCU,-16.00,0.00,RON,COMPLETED,45.79
TRANSFER,Current,2024-03-13 17:18:14,2024-03-13 17:18:15,From ANDRA-MARIA RUSEA,14.00,0.00,RON,COMPLETED,59.79
TOPUP,Current,2024-03-18 22:04:09,2024-03-18 22:04:12,Apple Pay Top-Up by *4109,2250.00,0.00,RON,COMPLETED,2309.79
TRANSFER,Current,2024-03-18 22:04:47,2024-03-18 22:04:48,To LAURENTIU-IRINEL STAVARACHE,-2250.00,0.00,RON,COMPLETED,59.79
TOPUP,Current,2024-03-23 10:27:15,2024-03-23 10:27:18,Apple Pay Top-Up by *4109,369.00,0.00,RON,COMPLETED,428.79
TRANSFER,Current,2024-03-23 10:27:43,2024-03-23 10:27:43,To LAURENTIU-IRINEL STAVARACHE,-370.00,0.00,RON,COMPLETED,58.79
TOPUP,Current,2024-04-06 13:10:03,2024-04-06 13:10:04,Apple Pay Top-Up by *4109,150.00,0.00,RON,COMPLETED,208.79
TRANSFER,Current,2024-04-06 13:10:56,2024-04-06 13:10:57,To MIRUNA-IOANA PAMPEA,-150.00,0.00,RON,COMPLETED,58.79
TRANSFER,Current,2024-04-16 11:45:08,2024-04-16 11:45:08,To MIRUNA-IOANA PAMPEA,-15.00,0.00,RON,COMPLETED,43.79
TOPUP,Current,2024-04-16 17:49:37,2024-04-16 17:49:38,Apple Pay Top-Up by *4109,2250.00,0.00,RON,COMPLETED,2293.79
TRANSFER,Current,2024-04-16 17:50:01,2024-04-16 17:50:02,To LAURENTIU-IRINEL STAVARACHE,-2250.00,0.00,RON,COMPLETED,43.79
TOPUP,Current,2024-04-25 13:46:28,2024-04-25 13:46:29,Apple Pay Top-Up by *4109,553.00,0.00,RON,COMPLETED,596.79
TRANSFER,Current,2024-04-25 13:47:05,2024-04-25 13:47:05,To LAURENTIU-IRINEL STAVARACHE,-553.00,0.00,RON,COMPLETED,43.79
TRANSFER,Current,2024-04-25 19:08:23,2024-04-25 19:08:23,From LAURENTIU-IRINEL STAVARACHE,175.00,0.00,RON,COMPLETED,218.79
TRANSFER,Current,2024-04-27 00:08:50,2024-04-27 00:08:50,From Bianca Ioana Pana,75.00,0.00,RON,COMPLETED,293.79
TRANSFER,Current,2024-05-12 11:50:25,2024-05-12 11:50:25,To MIRUNA-IOANA PAMPEA,-90.00,0.00,RON,COMPLETED,203.79
TRANSFER,Current,2024-05-14 14:42:55,2024-05-14 14:42:55,From ANDRA-MARIA RUSEA,82.00,0.00,RON,COMPLETED,285.79
TOPUP,Current,2024-05-18 10:08:55,2024-05-18 10:08:56,Apple Pay Top-Up by *4109,2250.00,0.00,RON,COMPLETED,2535.79
TRANSFER,Current,2024-05-18 10:09:27,2024-05-18 10:09:27,To LAURENTIU-IRINEL STAVARACHE,-2250.00,0.00,RON,COMPLETED,285.79
TRANSFER,Current,2024-05-19 15:15:11,2024-05-19 15:15:11,From MIRUNA-IOANA PAMPEA,215.00,0.00,RON,COMPLETED,500.79
TRANSFER,Current,2024-05-25 10:18:49,2024-05-25 10:18:49,To LAURENTIU-IRINEL STAVARACHE,-400.00,0.00,RON,COMPLETED,100.79
TRANSFER,Current,2024-05-25 11:08:51,2024-05-25 11:08:51,To LAURENTIU-IRINEL STAVARACHE,-60.00,0.00,RON,COMPLETED,40.79
TRANSFER,Current,2024-05-25 20:32:11,2024-05-25 20:32:11,From MIRUNA-IOANA PAMPEA,160.00,0.00,RON,COMPLETED,200.79
TRANSFER,Current,2024-05-31 20:28:33,2024-05-31 20:28:33,To MIRUNA-IOANA PAMPEA,-140.00,0.00,RON,COMPLETED,60.79
TRANSFER,Current,2024-05-31 20:29:13,2024-05-31 20:29:13,From MIRUNA-IOANA PAMPEA,0.40,0.00,RON,COMPLETED,61.19
TRANSFER,Current,2024-06-02 19:16:05,2024-06-02 19:16:05,From ANDRA-MARIA RUSEA,50.00,0.00,RON,COMPLETED,111.19
TRANSFER,Current,2024-06-04 23:18:54,2024-06-04 23:18:54,From ANDRA-MARIA RUSEA,260.00,0.00,RON,COMPLETED,371.19
TRANSFER,Current,2024-06-11 19:56:19,2024-06-11 19:56:19,To MIRUNA-IOANA PAMPEA,-113.00,0.00,RON,COMPLETED,258.19
TOPUP,Current,2024-06-18 13:43:41,2024-06-18 13:43:42,Apple Pay Top-Up by *4109,2250.00,0.00,RON,COMPLETED,2508.19
TRANSFER,Current,2024-06-18 13:44:11,2024-06-18 13:44:11,To LAURENTIU-IRINEL STAVARACHE,-2250.00,0.00,RON,COMPLETED,258.19
TRANSFER,Current,2024-06-20 20:38:52,2024-06-20 20:38:52,From MIRUNA-IOANA PAMPEA,67.00,0.00,RON,COMPLETED,325.19
TRANSFER,Current,2024-06-20 22:22:45,2024-06-20 22:22:45,To MIRUNA-IOANA PAMPEA,-70.00,0.00,RON,COMPLETED,255.19
TRANSFER,Current,2024-06-23 11:16:48,2024-06-23 11:16:48,From OANA COSMINA NICU,462.00,0.00,RON,COMPLETED,717.19
TRANSFER,Current,2024-06-24 15:09:29,2024-06-24 15:09:29,From OANA COSMINA NICU,50.00,0.00,RON,COMPLETED,767.19
TRANSFER,Current,2024-06-26 18:21:44,2024-06-26 18:21:45,To MIRUNA-IOANA PAMPEA,-250.00,0.00,RON,COMPLETED,517.19
TRANSFER,Current,2024-06-28 21:17:43,2024-06-28 21:17:44,From MIRUNA-IOANA PAMPEA,10.00,0.00,RON,COMPLETED,527.19
TRANSFER,Current,2024-06-30 13:33:49,2024-06-30 13:33:49,To MIRUNA-IOANA PAMPEA,-200.00,0.00,RON,COMPLETED,327.19
TRANSFER,Current,2024-07-02 16:39:53,2024-07-02 16:39:53,To LAURENTIU-IRINEL STAVARACHE,-295.00,0.00,RON,COMPLETED,32.19
TOPUP,Current,2024-07-02 21:50:02,2024-07-02 21:50:04,Apple Pay Top-Up by *4109,850.00,0.00,RON,COMPLETED,882.19
TRANSFER,Current,2024-07-02 21:51:32,2024-07-02 21:51:32,To MIRUNA-IOANA PAMPEA,-850.00,0.00,RON,COMPLETED,32.19
TOPUP,Current,2024-07-04 18:12:30,2024-07-04 18:12:32,Apple Pay Top-Up by *4109,650.00,0.00,RON,COMPLETED,682.19
TRANSFER,Current,2024-07-07 14:13:21,2024-07-07 14:13:21,To MIRUNA-IOANA PAMPEA,-185.00,0.00,RON,COMPLETED,497.19
TRANSFER,Current,2024-07-07 21:13:43,2024-07-07 21:13:43,To MIRUNA-IOANA PAMPEA,-100.00,0.00,RON,COMPLETED,397.19
TRANSFER,Current,2024-07-09 18:52:29,2024-07-09 18:54:19,To Miruna Pampea,-150.00,0.00,RON,COMPLETED,247.19
TRANSFER,Current,2024-07-11 21:05:34,2024-07-11 21:05:34,From MIRUNA-IOANA PAMPEA,150.00,0.00,RON,COMPLETED,397.19
TOPUP,Current,2024-07-11 21:07:00,2024-07-11 21:07:01,Apple Pay Top-Up by *4109,2500.00,0.00,RON,COMPLETED,2897.19
TRANSFER,Current,2024-07-11 21:07:24,2024-07-11 21:07:24,To MIRUNA-IOANA PAMPEA,-2500.00,0.00,RON,COMPLETED,397.19
TRANSFER,Current,2024-07-11 21:14:32,2024-07-11 21:14:33,To MIRUNA-IOANA PAMPEA,-100.00,0.00,RON,COMPLETED,297.19
TRANSFER,Current,2024-07-14 13:47:24,2024-07-14 13:47:25,From MIRUNA-IOANA PAMPEA,3400.00,0.00,RON,COMPLETED,3697.19
TRANSFER,Current,2024-07-17 09:42:40,2024-07-17 09:42:40,To LAURENTIU-IRINEL STAVARACHE,-2250.00,0.00,RON,COMPLETED,1447.19
CARD_PAYMENT,Current,2024-07-19 20:58:36,2024-07-20 15:25:58,Hotel Cristal Center,-36.00,0.00,RON,COMPLETED,1411.19
CARD_PAYMENT,Current,2024-07-18 22:28:17,2024-07-20 16:06:02,Parkmart,-17.38,0.00,RON,COMPLETED,1393.81
CARD_PAYMENT,Current,2024-07-19 21:17:45,2024-07-20 19:12:05,N A Black Sea,-14.00,0.00,RON,COMPLETED,1379.81
CARD_PAYMENT,Current,2024-07-20 10:43:18,2024-07-21 16:11:21,Aqua Magic Mamaia,-220.00,0.00,RON,COMPLETED,1159.81
CARD_PAYMENT,Current,2024-07-20 13:05:37,2024-07-21 16:11:23,Aqua Magic Mamaia,-38.00,0.00,RON,COMPLETED,1121.81
CARD_PAYMENT,Current,2024-07-20 13:01:12,2024-07-21 16:11:28,Aqua Magic Mamaia,-90.00,0.00,RON,COMPLETED,1031.81
CARD_PAYMENT,Current,2024-07-21 18:57:46,2024-07-22 15:59:34,Kaufland,-253.06,0.00,RON,COMPLETED,778.75
CARD_PAYMENT,Current,2024-07-20 20:00:15,2024-07-23 15:36:06,KFC,-96.00,0.00,RON,COMPLETED,682.75
CARD_PAYMENT,Current,2024-07-19 22:13:25,2024-07-23 15:42:38,Briza Mării,-109.00,0.00,RON,COMPLETED,573.75
TOPUP,Current,2024-07-25 13:49:41,2024-07-25 13:49:42,Apple Pay Top-Up by *4109,200.00,0.00,RON,COMPLETED,773.75
TRANSFER,Current,2024-07-25 13:50:01,2024-07-25 13:50:01,To LAURENTIU-IRINEL STAVARACHE,-660.00,0.00,RON,COMPLETED,113.75
TOPUP,Current,2024-07-31 09:08:35,2024-07-31 09:08:36,Apple Pay Top-Up by *4109,2000.00,0.00,RON,COMPLETED,2113.75
CARD_PAYMENT,Current,2024-07-31 21:22:41,2024-08-01 16:57:34,Primark,-65.00,0.00,RON,COMPLETED,2048.75
CARD_PAYMENT,Current,2024-08-03 20:42:49,2024-08-04 14:22:36,Mega Image,-41.36,0.00,RON,COMPLETED,2007.39
TRANSFER,Current,2024-08-04 20:31:58,2024-08-04 20:31:58,To MIRUNA-IOANA PAMPEA,-60.00,0.00,RON,COMPLETED,1947.39
CARD_PAYMENT,Current,2024-08-06 14:15:22,2024-08-07 15:50:37,Lidl,-264.97,0.00,RON,COMPLETED,1682.42
CARD_PAYMENT,Current,2024-08-06 20:31:05,2024-08-07 16:19:18,Mega Image,-34.99,0.00,RON,COMPLETED,1647.43
TRANSFER,Current,2024-08-10 20:26:34,2024-08-10 20:26:34,To MIRUNA-IOANA PAMPEA,-130.00,0.00,RON,COMPLETED,1517.43
CARD_PAYMENT,Current,2024-08-11 15:04:26,2024-08-12 16:57:58,Carrefour,-305.07,0.00,RON,COMPLETED,1212.36
TOPUP,Current,2024-08-12 21:05:04,2024-08-12 21:05:06,Apple Pay Top-Up by *4109,4000.00,0.00,RON,COMPLETED,5212.36
TRANSFER,Current,2024-08-12 21:05:31,2024-08-12 21:05:31,To MIRUNA-IOANA PAMPEA,-1268.00,0.00,RON,COMPLETED,3944.36
TRANSFER,Current,2024-08-13 07:05:38,2024-08-13 07:05:38,From MIRUNA-IOANA PAMPEA,925.00,0.00,RON,COMPLETED,4869.36
TRANSFER,Current,2024-08-13 10:21:28,2024-08-13 10:21:28,To MIRUNA-IOANA PAMPEA,-800.00,0.00,RON,COMPLETED,4069.36
CARD_PAYMENT,Current,2024-08-12 20:14:31,2024-08-13 16:58:05,Lidl,-114.38,0.00,RON,COMPLETED,3954.98
TRANSFER,Current,2024-08-13 18:18:13,2024-08-13 18:18:14,To MIRUNA-IOANA PAMPEA,-1717.00,0.00,RON,COMPLETED,2237.98
TRANSFER,Current,2024-08-13 19:02:42,2024-08-13 19:02:43,From MIRUNA-IOANA PAMPEA,1822.00,0.00,RON,COMPLETED,4059.98
CARD_PAYMENT,Current,2024-08-14 18:56:15,2024-08-15 17:42:04,Lidl,-173.38,0.00,RON,COMPLETED,3886.60
TRANSFER,Current,2024-08-15 18:04:23,2024-08-15 18:04:23,To MIRUNA-IOANA PAMPEA,-400.00,0.00,RON,COMPLETED,3486.60
CARD_PAYMENT,Current,2024-08-15 18:56:39,2024-08-16 15:58:58,Kaufland,-184.47,0.00,RON,COMPLETED,3302.13
CARD_PAYMENT,Current,2024-08-15 17:32:41,2024-08-16 16:31:48,Ro18 1buc Fash House,-379.99,0.00,RON,COMPLETED,2922.14
TRANSFER,Current,2024-08-17 14:27:07,2024-08-17 14:27:08,To MIRUNA-IOANA PAMPEA,-25.00,0.00,RON,COMPLETED,2897.14
TRANSFER,Current,2024-08-17 16:03:31,2024-08-17 16:03:32,To MIRUNA-IOANA PAMPEA,-85.00,0.00,RON,COMPLETED,2812.14
TRANSFER,Current,2024-08-17 16:06:07,2024-08-17 16:06:07,To MIRUNA-IOANA PAMPEA,-55.00,0.00,RON,COMPLETED,2757.14
CARD_PAYMENT,Current,2024-08-16 21:36:52,2024-08-17 16:07:20,Auchan,-3.00,0.00,RON,COMPLETED,2754.14
TRANSFER,Current,2024-08-17 16:08:23,2024-08-17 16:08:23,From MIRUNA-IOANA PAMPEA,55.00,0.00,RON,COMPLETED,2809.14
TRANSFER,Current,2024-08-17 21:51:42,2024-08-17 21:51:42,To LAURENTIU-IRINEL STAVARACHE,-2250.00,0.00,RON,COMPLETED,559.14
CARD_PAYMENT,Current,2024-08-17 21:49:34,2024-08-18 16:31:19,McDonald's,-74.00,0.00,RON,COMPLETED,485.14
TRANSFER,Current,2024-08-19 15:29:39,2024-08-19 15:29:39,To MIRUNA-IOANA PAMPEA,-11.00,0.00,RON,COMPLETED,474.14
CARD_PAYMENT,Current,2024-08-18 13:47:20,2024-08-19 16:35:30,Lidl,-326.87,0.00,RON,COMPLETED,147.27
TRANSFER,Current,2024-08-21 11:07:36,2024-08-21 11:07:36,From MIRUNA-IOANA PAMPEA,50.00,0.00,RON,COMPLETED,197.27
TOPUP,Current,2024-08-22 20:48:06,2024-08-22 20:48:08,Apple Pay Top-Up by *4109,500.00,0.00,RON,COMPLETED,697.27
CARD_PAYMENT,Current,2024-08-21 15:05:52,2024-08-23 15:28:17,STB Bucuresti,-3.00,0.00,RON,COMPLETED,694.27
CARD_PAYMENT,Current,2024-08-21 14:55:13,2024-08-23 15:28:18,Metrorex,-3.00,0.00,RON,COMPLETED,691.27
CARD_PAYMENT,Current,2024-08-21 19:32:00,2024-08-23 15:50:59,Il Maestro,-20.00,0.00,RON,COMPLETED,671.27
CARD_PAYMENT,Current,2024-08-22 20:53:32,2024-08-23 16:19:08,Lidl,-230.40,0.00,RON,COMPLETED,440.87
CARD_PAYMENT,Current,2024-08-23 11:47:15,2024-08-24 17:29:52,Mega Image,-116.47,0.00,RON,COMPLETED,324.40
CARD_PAYMENT,Current,2024-08-24 14:16:17,2024-08-25 16:02:21,Frtidealconsultsrl,-10.00,0.00,RON,COMPLETED,314.40
CARD_PAYMENT,Current,2024-08-24 14:27:22,2024-08-25 16:02:22,Frtidealconsultsrl,-15.00,0.00,RON,COMPLETED,299.40
TRANSFER,Current,2024-08-26 17:20:46,2024-08-26 17:20:46,From MIRUNA-IOANA PAMPEA,150.00,0.00,RON,COMPLETED,449.40
CARD_PAYMENT,Current,2024-08-26 20:13:05,2024-08-27 17:54:32,Lidl,-24.42,0.00,RON,COMPLETED,424.98
TRANSFER,Current,2024-08-29 15:32:46,2024-08-29 15:32:47,To MIRUNA-IOANA PAMPEA,-100.00,0.00,RON,COMPLETED,324.98
TOPUP,Current,2024-08-30 10:07:39,2024-08-30 10:07:41,Apple Pay Top-Up by *4109,4000.00,0.00,RON,COMPLETED,4324.98
TRANSFER,Current,2024-08-30 14:12:24,2024-08-30 14:12:25,To LAURENTIU-IRINEL STAVARACHE,-733.00,0.00,RON,COMPLETED,3591.98
TRANSFER,Current,2024-08-31 18:40:24,2024-08-31 18:40:24,To MIRUNA-IOANA PAMPEA,-150.00,0.00,RON,COMPLETED,3441.98
CARD_PAYMENT,Current,2024-09-01 16:06:09,2024-09-02 15:44:50,Lidl,-128.53,0.00,RON,COMPLETED,3313.45
CARD_PAYMENT,Current,2024-09-02 20:20:01,2024-09-03 16:53:35,Mega Image,-41.09,0.00,RON,COMPLETED,3272.36
TRANSFER,Current,2024-09-03 20:10:58,2024-09-03 20:10:58,From MIRUNA-IOANA PAMPEA,10.00,0.00,RON,COMPLETED,3282.36
CARD_PAYMENT,Current,2024-09-03 20:06:27,2024-09-04 14:56:53,Mega Image,-67.65,0.00,RON,COMPLETED,3214.71
TRANSFER,Current,2024-09-04 16:51:07,2024-09-04 16:51:07,To MIRUNA-IOANA PAMPEA,-140.00,0.00,RON,COMPLETED,3074.71
CARD_PAYMENT,Current,2024-09-04 16:03:44,2024-09-05 16:23:11,Mega Image,-31.86,0.00,RON,COMPLETED,3042.85
CARD_PAYMENT,Current,2024-09-05 19:37:29,2024-09-06 16:08:02,Catena,-23.20,0.00,RON,COMPLETED,3019.65
CARD_PAYMENT,Current,2024-09-06 14:26:32,2024-09-07 16:20:43,Octavian Sârbu Concept,-60.00,0.00,RON,COMPLETED,2959.65
CARD_PAYMENT,Current,2024-09-06 14:40:25,2024-09-07 17:34:19,Pizza Luca,-22.47,0.00,RON,COMPLETED,2937.18
CARD_PAYMENT,Current,2024-09-07 13:04:22,2024-09-08 15:11:36,Frtidealconsultsrl,-20.00,0.00,RON,COMPLETED,2917.18
CARD_PAYMENT,Current,2024-09-08 17:45:12,2024-09-09 16:48:56,Mega Image,-87.18,0.00,RON,COMPLETED,2830.00
CARD_PAYMENT,Current,2024-09-08 17:30:12,2024-09-09 17:01:16,Lidl,-310.93,0.00,RON,COMPLETED,2519.07
CARD_PAYMENT,Current,2024-09-06 14:45:23,2024-09-10 16:02:12,STB Bucuresti,-3.00,0.00,RON,COMPLETED,2516.07
CARD_PAYMENT,Current,2024-09-09 20:34:04,2024-09-10 16:29:35,PENNY,-48.53,0.00,RON,COMPLETED,2467.54
CARD_PAYMENT,Current,2024-09-11 20:45:51,2024-09-12 15:31:17,Tabac Xpress,-25.00,0.00,RON,COMPLETED,2442.54
CARD_PAYMENT,Current,2024-09-11 20:44:41,2024-09-12 15:34:08,Kaufland,-274.16,0.00,RON,COMPLETED,2168.38
CARD_PAYMENT,Current,2024-09-12 22:04:08,2024-09-13 14:55:44,McDonald's,-80.50,0.00,RON,COMPLETED,2087.88
CARD_PAYMENT,Current,2024-09-12 20:36:32,2024-09-13 16:05:48,eMAG,-231.95,0.00,RON,COMPLETED,1855.93
CARD_PAYMENT,Current,2024-09-13 19:38:14,2024-09-14 18:53:13,Lidl,-100.20,0.00,RON,COMPLETED,1755.73
CARD_PAYMENT,Current,2024-09-13 11:45:10,2024-09-14 18:54:29,Frtidealconsultsrl,-5.00,0.00,RON,COMPLETED,1750.73
CARD_PAYMENT,Current,2024-09-13 11:17:58,2024-09-14 19:07:58,LUKOIL,-150.14,0.00,RON,COMPLETED,1600.59
CARD_PAYMENT,Current,2024-09-13 19:47:22,2024-09-14 19:08:05,Mega Image,-24.36,0.00,RON,COMPLETED,1576.23
CARD_PAYMENT,Current,2024-09-13 13:51:41,2024-09-14 19:09:30,Bimmer Service,-346.00,0.00,RON,COMPLETED,1230.23
CARD_PAYMENT,Current,2024-09-14 20:39:19,2024-09-15 15:53:46,Mega Image,-40.88,0.00,RON,COMPLETED,1189.35
CARD_PAYMENT,Current,2024-09-15 17:38:30,2024-09-16 15:23:41,Mag Afi Cotroceni,-7.50,0.00,RON,COMPLETED,1181.85
CARD_PAYMENT,Current,2024-09-13 19:19:57,2024-09-16 15:33:56,PENNY,-107.23,0.00,RON,COMPLETED,1074.62
CARD_PAYMENT,Current,2024-09-15 17:33:06,2024-09-16 15:40:22,AFI Cotroceni,-79.97,0.00,RON,COMPLETED,994.65
CARD_PAYMENT,Current,2024-09-15 17:21:45,2024-09-16 15:58:30,Primark,-158.00,0.00,RON,COMPLETED,836.65
CARD_PAYMENT,Current,2024-09-15 18:19:55,2024-09-16 16:19:34,Afi Cotroceni,-69.30,0.00,RON,COMPLETED,767.35
TOPUP,Current,2024-09-16 17:18:59,2024-09-16 17:19:00,Apple Pay Top-Up by *4109,4000.00,0.00,RON,COMPLETED,4767.35
TRANSFER,Current,2024-09-16 17:20:10,2024-09-16 17:20:10,To LAURENTIU-IRINEL STAVARACHE,-2250.00,0.00,RON,COMPLETED,2517.35
CARD_PAYMENT,Current,2024-09-16 12:38:14,2024-09-17 15:23:33,McDonald's,-56.00,0.00,RON,COMPLETED,2461.35
CARD_PAYMENT,Current,2024-09-16 19:47:03,2024-09-17 15:54:32,Lidl,-126.12,0.00,RON,COMPLETED,2335.23
CARD_PAYMENT,Current,2024-09-15 18:03:48,2024-09-17 16:08:20,Cărturești,-200.40,0.00,RON,COMPLETED,2134.83
CARD_PAYMENT,Current,2024-09-16 20:06:17,2024-09-17 16:34:49,Mega Image,-25.87,0.00,RON,COMPLETED,2108.96
CARD_PAYMENT,Current,2024-09-16 20:23:44,2024-09-17 16:35:00,Mega Image,-14.08,0.00,RON,COMPLETED,2094.88
TRANSFER,Current,2024-09-19 13:51:06,2024-09-19 13:51:06,To MIRUNA-IOANA PAMPEA,-123.00,0.00,RON,COMPLETED,1971.88
CARD_PAYMENT,Current,2024-09-18 22:15:46,2024-09-19 15:23:24,WorldClass,-12.99,0.00,RON,COMPLETED,1958.89
CARD_PAYMENT,Current,2024-09-18 12:02:13,2024-09-20 15:51:00,Il Maestro,-14.00,0.00,RON,COMPLETED,1944.89
CARD_PAYMENT,Current,2024-09-19 19:51:47,2024-09-20 16:18:46,Mega Image,-61.50,0.00,RON,COMPLETED,1883.39
TOPUP,Current,2024-09-20 20:52:48,2024-09-20 20:52:49,Apple Pay Top-Up by *4109,600.00,0.00,RON,COMPLETED,2483.39
TRANSFER,Current,2024-09-21 13:05:29,2024-09-21 13:05:29,From CONSTANTIN MITROIU,60.00,0.00,RON,COMPLETED,2543.39
TRANSFER,Current,2024-09-21 13:06:35,2024-09-21 13:06:36,To CONSTANTIN MITROIU,-60.00,0.00,RON,COMPLETED,2483.39
TRANSFER,Current,2024-09-21 14:50:11,2024-09-21 14:50:11,To RENATTA-CONSTANTA MITROIU,-50.00,0.00,RON,COMPLETED,2433.39
TRANSFER,Current,2024-09-21 14:50:25,2024-09-21 14:50:25,To RENATTA-CONSTANTA MITROIU,-100.00,0.00,RON,COMPLETED,2333.39
CARD_PAYMENT,Current,2024-09-20 20:41:26,2024-09-21 15:04:01,Mega Image,-48.22,0.00,RON,COMPLETED,2285.17
CARD_PAYMENT,Current,2024-09-20 14:11:29,2024-09-21 15:48:58,Lidl,-346.28,0.00,RON,COMPLETED,1938.89
CARD_PAYMENT,Current,2024-09-21 09:15:26,2024-09-22 15:12:39,Frtidealconsultsrl,-15.00,0.00,RON,COMPLETED,1923.89
CARD_PAYMENT,Current,2024-09-21 10:08:55,2024-09-22 15:53:52,OMV,-17.68,0.00,RON,COMPLETED,1906.21
TRANSFER,Current,2024-09-23 15:20:30,2024-09-23 15:20:30,From MIRUNA-IOANA PAMPEA,50.00,0.00,RON,COMPLETED,1956.21
CARD_PAYMENT,Current,2024-09-22 16:04:46,2024-09-23 15:58:39,Mega Image,-71.91,0.00,RON,COMPLETED,1884.30
CARD_PAYMENT,Current,2024-09-23 16:21:43,2024-09-24 16:37:11,Mega Image,-154.41,0.00,RON,COMPLETED,1729.89
CARD_PAYMENT,Current,2024-09-23 16:01:32,2024-09-24 16:41:52,Lidl,-115.62,0.00,RON,COMPLETED,1614.27
CARD_PAYMENT,Current,2024-09-24 18:36:13,2024-09-25 15:49:48,PENNY,-22.97,0.00,RON,COMPLETED,1591.30
TRANSFER,Current,2024-09-25 16:44:26,2024-09-25 16:44:26,To MIRUNA-IOANA PAMPEA,-63.00,0.00,RON,COMPLETED,1528.30
CARD_PAYMENT,Current,2024-09-25 19:35:07,2024-09-26 15:01:07,Catena,-23.20,0.00,RON,COMPLETED,1505.10
CARD_PAYMENT,Current,2024-09-25 20:22:20,2024-09-26 15:02:07,Mega Image,-21.05,0.00,RON,COMPLETED,1484.05
CARD_PAYMENT,Current,2024-09-25 19:41:33,2024-09-26 15:11:12,Mega Image,-25.00,0.00,RON,COMPLETED,1459.05
CARD_PAYMENT,Current,2024-09-26 11:48:50,2024-09-27 15:05:04,Lidl,-221.32,0.00,RON,COMPLETED,1237.73
CARD_PAYMENT,Current,2024-09-26 11:59:09,2024-09-27 16:35:06,Mega Image,-28.15,0.00,RON,COMPLETED,1209.58
TRANSFER,Current,2024-09-27 16:40:02,2024-09-27 16:40:03,To LAURENTIU-IRINEL STAVARACHE,-950.00,0.00,RON,COMPLETED,259.58
TOPUP,Current,2024-09-30 11:10:09,2024-09-30 11:10:10,Apple Pay Top-Up by *4109,2000.00,0.00,RON,COMPLETED,2259.58
TRANSFER,Current,2024-09-30 17:04:51,2024-09-30 17:04:51,To MIRUNA-IOANA PAMPEA,-125.00,0.00,RON,COMPLETED,2134.58
TRANSFER,Current,2024-09-30 17:05:50,2024-09-30 17:05:50,To MIRUNA-IOANA PAMPEA,-1.00,0.00,RON,COMPLETED,2133.58
TRANSFER,Current,2024-09-30 17:06:33,2024-09-30 17:06:33,From MIRUNA-IOANA PAMPEA,0.50,0.00,RON,COMPLETED,2134.08
CARD_PAYMENT,Current,2024-09-30 10:39:54,2024-10-01 17:13:07,LUKOIL,-150.26,0.00,RON,COMPLETED,1983.82
CARD_PAYMENT,Current,2024-10-01 16:08:48,2024-10-02 15:59:59,Starbucks,-27.90,0.00,RON,COMPLETED,1955.92
CARD_PAYMENT,Current,2024-10-01 16:04:20,2024-10-02 16:32:57,McDonald's,-68.50,0.00,RON,COMPLETED,1887.42
TRANSFER,Current,2024-10-02 17:14:11,2024-10-02 17:14:11,To MIRUNA-IOANA PAMPEA,-129.00,0.00,RON,COMPLETED,1758.42
TRANSFER,Current,2024-10-03 11:00:16,2024-10-03 11:00:16,To MIRUNA-IOANA PAMPEA,-11.00,0.00,RON,COMPLETED,1747.42
CARD_PAYMENT,Current,2024-10-04 14:51:42,2024-10-05 14:29:41,Pasteleria Srl,-12.50,0.00,RON,COMPLETED,1734.92
CARD_PAYMENT,Current,2024-10-06 02:39:18,2024-10-07 14:26:40,Presto pizza,-66.99,0.00,RON,COMPLETED,1667.93
TRANSFER,Current,2024-10-07 14:42:21,2024-10-07 14:42:22,From MIRUNA-IOANA PAMPEA,250.00,0.00,RON,COMPLETED,1917.93
CARD_PAYMENT,Current,2024-10-06 14:43:29,2024-10-07 15:17:41,Lidl,-287.31,0.00,RON,COMPLETED,1630.62
CARD_PAYMENT,Current,2024-10-07 14:28:31,2024-10-08 15:11:49,Sensiblu,-253.74,0.00,RON,COMPLETED,1376.88
TRANSFER,Current,2024-10-08 15:43:30,2024-10-08 15:43:49,To MIRUNA-IOANA PAMPEA,-258.00,0.00,RON,COMPLETED,1118.88
CARD_PAYMENT,Current,2024-10-07 14:33:36,2024-10-08 16:32:46,Orhideea,-69.30,0.00,RON,COMPLETED,1049.58
CARD_PAYMENT,Current,2024-10-08 21:26:32,2024-10-09 15:41:15,Mega Image,-50.00,0.00,RON,COMPLETED,999.58
TRANSFER,Current,2024-10-09 23:42:03,2024-10-09 23:42:03,To MIRUNA-IOANA PAMPEA,-250.00,0.00,RON,COMPLETED,749.58
CARD_PAYMENT,Current,2024-10-10 13:44:57,2024-10-11 16:27:54,Mega Image,-32.06,0.00,RON,COMPLETED,717.52
CARD_PAYMENT,Current,2024-10-10 13:31:43,2024-10-11 16:28:22,Octavian Sârbu Concept,-80.00,0.00,RON,COMPLETED,637.52
CARD_PAYMENT,Current,2024-10-10 19:49:10,2024-10-11 16:28:38,Mega Image,-90.57,0.00,RON,COMPLETED,546.95
CARD_PAYMENT,Current,2024-10-10 13:50:44,2024-10-12 16:22:12,STB Bucuresti,-3.00,0.00,RON,COMPLETED,543.95
CARD_PAYMENT,Current,2024-10-11 14:23:07,2024-10-12 18:09:25,McDonald's,-44.50,0.00,RON,COMPLETED,499.45
TOPUP,Current,2024-10-13 15:05:42,2024-10-13 15:05:44,Apple Pay Top-Up by *4109,1000.00,0.00,RON,COMPLETED,1499.45
CARD_PAYMENT,Current,2024-10-12 15:05:21,2024-10-13 15:14:56,MOL,-156.43,0.00,RON,COMPLETED,1343.02
CARD_PAYMENT,Current,2024-10-12 16:32:59,2024-10-13 16:12:54,Pasteleria Srl,-12.50,0.00,RON,COMPLETED,1330.52
CARD_PAYMENT,Current,2024-10-13 17:04:03,2024-10-14 15:50:41,Mega Image,-89.94,0.00,RON,COMPLETED,1240.58
CARD_PAYMENT,Current,2024-10-13 16:42:44,2024-10-14 18:22:15,Lidl,-40.43,0.00,RON,COMPLETED,1200.15
CARD_PAYMENT,Current,2024-10-13 16:39:52,2024-10-14 18:22:15,Lidl,-202.54,0.00,RON,COMPLETED,997.61
CARD_PAYMENT,Current,2024-10-14 20:27:52,2024-10-15 15:36:52,PENNY,-28.28,0.00,RON,COMPLETED,969.33
CARD_PAYMENT,Current,2024-10-14 08:20:11,2024-10-15 15:41:36,Lidl,-224.40,0.00,RON,COMPLETED,744.93
CARD_PAYMENT,Current,2024-10-12 16:31:52,2024-10-15 16:01:18,Farmacia Ana Maria,-19.00,0.00,RON,COMPLETED,725.93
FEE,Current,2024-10-16 05:03:50,2024-10-16 05:03:50,Premium Repricing 1 plan fee,-35.99,0.00,RON,COMPLETED,689.94
CARD_PAYMENT,Current,2024-10-15 15:49:20,2024-10-16 15:32:26,Mega Image,-61.38,0.00,RON,COMPLETED,628.56
CARD_PAYMENT,Current,2024-10-15 15:38:47,2024-10-16 17:08:08,Lidl,-127.20,0.00,RON,COMPLETED,501.36
TOPUP,Current,2024-10-17 11:10:17,2024-10-17 11:10:18,Apple Pay Top-Up by *4109,2250.00,0.00,RON,COMPLETED,2751.36
TRANSFER,Current,2024-10-17 11:10:44,2024-10-17 11:10:44,To LAURENTIU-IRINEL STAVARACHE,-2250.00,0.00,RON,COMPLETED,501.36
TOPUP,Current,2024-10-17 13:20:21,2024-10-17 13:20:25,Apple Pay Top-Up by *4109,800.00,0.00,RON,COMPLETED,1301.36
TOPUP,Current,2024-10-17 14:06:36,2024-10-17 14:06:37,Apple Pay Top-Up by *4109,600.00,0.00,RON,COMPLETED,1901.36
TRANSFER,Current,2024-10-17 20:31:52,2024-10-17 20:31:52,To MIRUNA-IOANA PAMPEA,-100.00,0.00,RON,COMPLETED,1801.36
CARD_PAYMENT,Current,2024-10-17 15:00:28,2024-10-18 16:24:02,MEXC,-689.09,0.00,RON,COMPLETED,1112.27
CARD_PAYMENT,Current,2024-10-17 13:33:59,2024-10-18 16:44:55,KuCoin,-689.10,0.00,RON,COMPLETED,423.17
CARD_PAYMENT,Current,2024-10-18 09:24:21,2024-10-19 14:47:31,Mega Image,-64.56,0.00,RON,COMPLETED,358.61
CARD_PAYMENT,Current,2024-10-18 16:39:13,2024-10-19 15:02:21,Starbucks,-28.70,0.00,RON,COMPLETED,329.91
CARD_PAYMENT,Current,2024-10-19 18:22:56,2024-10-20 15:14:27,Lidl,-146.46,0.00,RON,COMPLETED,183.45
CARD_PAYMENT,Current,2024-10-19 18:31:25,2024-10-20 15:55:05,Mega Image,-73.48,0.00,RON,COMPLETED,109.97
TOPUP,Current,2024-10-21 13:53:02,2024-10-21 13:53:03,Apple Pay Top-Up by *4109,1000.00,0.00,RON,COMPLETED,1109.97
CARD_PAYMENT,Current,2024-10-20 17:56:14,2024-10-21 15:25:32,Frtidealconsultsrl,-25.00,0.00,RON,COMPLETED,1084.97
CARD_PAYMENT,Current,2024-10-18 09:41:11,2024-10-22 15:41:34,Metrorex,-3.00,0.00,RON,COMPLETED,1081.97
CARD_PAYMENT,Current,2024-10-18 16:59:29,2024-10-22 15:42:10,Metrorex,-3.00,0.00,RON,COMPLETED,1078.97
CARD_PAYMENT,Current,2024-10-21 13:55:58,2024-10-22 16:15:07,McDonald's,-61.00,0.00,RON,COMPLETED,1017.97
CARD_PAYMENT,Current,2024-10-22 15:16:24,2024-10-23 15:15:54,Mega Image,-89.04,0.00,RON,COMPLETED,928.93
TRANSFER,Current,2024-10-23 21:45:30,2024-10-23 21:45:30,To MIRUNA-IOANA PAMPEA,-120.00,0.00,RON,COMPLETED,808.93
CARD_PAYMENT,Current,2024-10-23 19:21:02,2024-10-24 15:20:00,PENNY,-58.00,0.00,RON,COMPLETED,750.93
CARD_PAYMENT,Current,2024-10-22 09:11:54,2024-10-24 15:39:39,Nyr Georgiana Trade Sr,-25.00,0.00,RON,COMPLETED,725.93
CARD_PAYMENT,Current,2024-10-22 08:58:18,2024-10-24 15:47:17,Metrorex,-3.00,0.00,RON,COMPLETED,722.93
TRANSFER,Current,2024-10-24 18:55:43,2024-10-24 18:55:43,To MIRUNA-IOANA PAMPEA,-90.00,0.00,RON,COMPLETED,632.93
TOPUP,Current,2024-10-26 12:28:36,2024-10-26 12:28:37,Apple Pay Top-Up by *4109,836.00,0.00,RON,COMPLETED,1468.93
TRANSFER,Current,2024-10-26 12:29:03,2024-10-26 12:29:03,To LAURENTIU-IRINEL STAVARACHE,-836.00,0.00,RON,COMPLETED,632.93
CARD_PAYMENT,Current,2024-10-25 19:34:36,2024-10-27 15:46:12,Grivita Events,-45.00,0.00,RON,COMPLETED,587.93
CARD_PAYMENT,Current,2024-10-27 15:30:24,2024-10-28 14:55:59,Lidl,-39.74,0.00,RON,COMPLETED,548.19
CARD_PAYMENT,Current,2024-10-27 15:14:04,2024-10-28 15:49:32,Mega Image,-94.83,0.00,RON,COMPLETED,453.36
CARD_PAYMENT,Current,2024-10-25 18:02:54,2024-10-29 14:10:03,Metrorex,-3.00,0.00,RON,COMPLETED,450.36
CARD_PAYMENT,Current,2024-10-28 12:52:11,2024-10-29 14:48:03,Starbucks,-49.80,0.00,RON,COMPLETED,400.56
CARD_PAYMENT,Current,2024-10-29 18:03:47,2024-10-30 15:04:35,Mega Image,-70.23,0.00,RON,COMPLETED,330.33
CARD_PAYMENT,Current,2024-10-29 16:34:25,2024-10-30 15:04:52,Sb Spaces Expo,-6.60,0.00,RON,COMPLETED,323.73
CARD_PAYMENT,Current,2024-10-29 09:56:36,2024-10-30 15:04:57,Sb Spaces Expo,-18.00,0.00,RON,COMPLETED,305.73
CARD_PAYMENT,Current,2024-10-29 17:52:04,2024-10-30 16:23:33,Lidl,-42.52,0.00,RON,COMPLETED,263.21
TOPUP,Current,2024-10-31 10:20:28,2024-10-31 10:20:29,Apple Pay Top-Up by *4109,1500.00,0.00,RON,COMPLETED,1763.21
CARD_PAYMENT,Current,2024-10-30 20:50:12,2024-10-31 16:15:46,Mega Image,-23.77,0.00,RON,COMPLETED,1739.44
CARD_PAYMENT,Current,2024-10-31 18:00:05,2024-11-01 13:47:12,Lidl,-99.95,0.00,RON,COMPLETED,1639.49
CARD_PAYMENT,Current,2024-10-31 18:25:54,2024-11-01 14:33:23,Mega Image,-75.82,0.00,RON,COMPLETED,1563.67
CARD_PAYMENT,Current,2024-11-01 21:42:42,2024-11-02 14:51:48,Mega Image,-71.26,0.00,RON,COMPLETED,1492.41
CARD_PAYMENT,Current,2024-11-03 13:57:47,2024-11-04 14:47:31,Mega Image,-165.21,0.00,RON,COMPLETED,1327.20
CARD_PAYMENT,Current,2024-11-03 13:38:03,2024-11-04 15:03:09,Traditional Sib,-48.00,0.00,RON,COMPLETED,1279.20
CARD_PAYMENT,Current,2024-11-03 13:30:29,2024-11-04 15:03:52,Ateșpan,-8.00,0.00,RON,COMPLETED,1271.20
CARD_PAYMENT,Current,2024-11-01 21:48:17,2024-11-04 15:27:14,PENNY,-50.00,0.00,RON,COMPLETED,1221.20
CARD_PAYMENT,Current,2024-11-03 14:30:07,2024-11-04 16:17:49,Lidl,-263.76,0.00,RON,COMPLETED,957.44
CARD_PAYMENT,Current,2024-11-04 13:08:23,2024-11-05 16:57:49,Carrefour,-58.80,0.00,RON,COMPLETED,898.64
CARD_PAYMENT,Current,2024-11-04 13:10:16,2024-11-05 16:58:40,Orhideea,-61.30,0.00,RON,COMPLETED,837.34
CARD_PAYMENT,Current,2024-11-06 19:10:14,2024-11-07 15:18:10,PENNY,-77.23,0.00,RON,COMPLETED,760.11
TOPUP,Current,2024-11-07 23:16:08,2024-11-07 23:16:10,Apple Pay Top-Up by *4109,1000.00,0.00,RON,COMPLETED,1760.11
TRANSFER,Current,2024-11-08 12:04:29,2024-11-08 12:04:29,To MIRUNA-IOANA PAMPEA,-300.00,0.00,RON,COMPLETED,1460.11
CARD_PAYMENT,Current,2024-11-07 18:55:45,2024-11-08 15:50:45,Mega Image,-46.77,0.00,RON,COMPLETED,1413.34
CARD_PAYMENT,Current,2024-11-07 18:37:52,2024-11-08 17:41:46,Lidl,-181.37,0.00,RON,COMPLETED,1231.97
CARD_PAYMENT,Current,2024-11-08 14:57:17,2024-11-09 14:53:00,Frtidealconsultsrl,-5.00,0.00,RON,COMPLETED,1226.97
CARD_PAYMENT,Current,2024-11-08 15:58:04,2024-11-09 18:02:46,McDonald's,-83.00,0.00,RON,COMPLETED,1143.97
CARD_PAYMENT,Current,2024-11-09 13:14:28,2024-11-10 15:38:34,Ateșpan,-8.00,0.00,RON,COMPLETED,1135.97
CARD_PAYMENT,Current,2024-11-09 13:54:09,2024-11-10 15:47:18,Lidl,-115.45,0.00,RON,COMPLETED,1020.52
CARD_PAYMENT,Current,2024-11-09 13:32:23,2024-11-10 16:28:28,Catena,-23.20,0.00,RON,COMPLETED,997.32
CARD_PAYMENT,Current,2024-11-09 13:26:05,2024-11-10 16:52:18,Mega Image,-45.00,0.00,RON,COMPLETED,952.32
CARD_PAYMENT,Current,2024-11-09 13:19:50,2024-11-11 15:46:22,Cristim Crangasi,-9.80,0.00,RON,COMPLETED,942.52
CARD_PAYMENT,Current,2024-11-09 14:26:23,2024-11-11 15:46:36,Sdc,-158.72,0.00,RON,COMPLETED,783.80
CARD_PAYMENT,Current,2024-11-11 19:55:50,2024-11-12 15:19:41,Mega Image,-25.00,0.00,RON,COMPLETED,758.80
CARD_PAYMENT,Current,2024-11-11 14:29:23,2024-11-12 16:15:11,McDonald's,-32.00,0.00,RON,COMPLETED,726.80
CARD_PAYMENT,Current,2024-11-11 14:33:35,2024-11-12 16:15:13,McDonald's,-29.50,0.00,RON,COMPLETED,697.30
CARD_PAYMENT,Current,2024-11-11 19:44:19,2024-11-12 16:16:50,Lidl,-43.46,0.00,RON,COMPLETED,653.84
TOPUP,Current,2024-11-13 08:19:06,2024-11-13 08:19:08,Apple Pay Top-Up by *4109,1000.00,0.00,RON,COMPLETED,1653.84
CARD_PAYMENT,Current,2024-11-12 20:06:56,2024-11-13 14:54:18,McDonald's,-52.00,0.00,RON,COMPLETED,1601.84
CARD_PAYMENT,Current,2024-11-12 10:21:37,2024-11-13 17:09:53,Sdc,-119.14,0.00,RON,COMPLETED,1482.70
CARD_PAYMENT,Current,2024-11-14 14:28:46,2024-11-15 13:42:42,Five Guys,-97.24,0.00,RON,COMPLETED,1385.46
CARD_PAYMENT,Current,2024-11-13 14:41:47,2024-11-15 14:24:57,Metrorex,-3.00,0.00,RON,COMPLETED,1382.46
CARD_PAYMENT,Current,2024-11-13 16:11:58,2024-11-15 14:27:32,OFresh Vending Solutions,-15.00,0.00,RON,COMPLETED,1367.46
FEE,Current,2024-11-16 03:11:57,2024-11-16 03:11:57,Premium Repricing 1 plan fee,-35.99,0.00,RON,COMPLETED,1331.47
CARD_PAYMENT,Current,2024-11-15 14:09:19,2024-11-16 12:55:35,Five Guys,-97.25,0.00,RON,COMPLETED,1234.22
CARD_PAYMENT,Current,2024-11-15 17:45:20,2024-11-16 12:55:52,Botiga Barcelona Souvenir,-30.08,0.00,RON,COMPLETED,1204.14
CARD_PAYMENT,Current,2024-11-15 18:55:52,2024-11-16 12:57:56,Khatri,-125.21,0.00,RON,COMPLETED,1078.93
CARD_PAYMENT,Current,2024-11-15 17:24:12,2024-11-16 13:00:33,Gaudí Experiència,-78.70,0.00,RON,COMPLETED,1000.23
CARD_PAYMENT,Current,2024-11-15 19:18:15,2024-11-16 14:24:58,Käthe Wohlfahrt,-44.82,0.00,RON,COMPLETED,955.41
TOPUP,Current,2024-11-16 18:51:02,2024-11-16 18:51:04,Apple Pay Top-Up by *4109,600.00,0.00,RON,COMPLETED,1555.41
TRANSFER,Current,2024-11-16 20:37:14,2024-11-16 20:37:14,To MARIUS DANIEL NITA,-246.00,0.00,RON,COMPLETED,1309.41
TRANSFER,Current,2024-11-17 02:32:27,2024-11-17 02:32:28,To MARIUS DANIEL NITA,-20.00,0.00,RON,COMPLETED,1289.41
CARD_PAYMENT,Current,2024-11-16 13:08:51,2024-11-17 11:53:10,PSM Barcelona,-52.49,0.52,RON,COMPLETED,1236.40
CARD_PAYMENT,Current,2024-11-16 13:08:30,2024-11-17 11:53:13,PSM Barcelona,-104.97,01.05,RON,COMPLETED,1130.38
CARD_PAYMENT,Current,2024-11-16 05:00:18,2024-11-17 11:53:24,TMB,-12.75,0.13,RON,COMPLETED,1117.50
CARD_PAYMENT,Current,2024-11-16 16:01:28,2024-11-17 12:44:55,Arenal,-525.08,5.25,RON,COMPLETED,587.17
CARD_PAYMENT,Current,2024-11-16 18:59:26,2024-11-17 12:51:18,World Duty Free,-179.95,1.80,RON,COMPLETED,405.42
CARD_PAYMENT,Current,2024-11-16 20:00:11,2024-11-17 12:56:51,McDonald's,-62.53,0.63,RON,COMPLETED,342.26
CARD_PAYMENT,Current,2024-11-16 18:44:12,2024-11-17 12:59:15,Tutti Frutti,-33.49,0.33,RON,COMPLETED,308.44
TOPUP,Current,2024-11-18 11:01:13,2024-11-18 11:01:14,Apple Pay Top-Up by *4109,2250.00,0.00,RON,COMPLETED,2558.44
TRANSFER,Current,2024-11-18 11:02:00,2024-11-18 11:02:01,To LAURENTIU-IRINEL STAVARACHE,-2250.00,0.00,RON,COMPLETED,308.44
TOPUP,Current,2024-11-18 11:09:11,2024-11-18 11:09:12,Apple Pay Top-Up by *4109,1000.00,0.00,RON,COMPLETED,1308.44
CARD_PAYMENT,Current,2024-11-16 11:37:24,2024-11-18 13:07:41,Hotel Zenit Barcelona,-55.49,0.55,RON,COMPLETED,1252.40
CARD_PAYMENT,Current,2024-11-17 16:57:15,2024-11-18 15:37:07,Mibian Expert Consulting,-21.00,0.00,RON,COMPLETED,1231.40
CARD_PAYMENT,Current,2024-11-18 05:35:07,2024-11-19 11:00:32,TMB,-12.79,0.00,RON,COMPLETED,1218.61
CARD_PAYMENT,Current,2024-11-18 05:35:08,2024-11-19 11:00:41,TMB,-12.79,0.00,RON,COMPLETED,1205.82
CARD_PAYMENT,Current,2024-11-17 01:21:51,2024-11-19 14:30:18,CFR Călători,-5.50,0.00,RON,COMPLETED,1200.32
CARD_PAYMENT,Current,2024-11-18 21:46:33,2024-11-19 16:32:09,Lidl,-34.99,0.00,RON,COMPLETED,1165.33
CARD_PAYMENT,Current,2024-11-18 21:59:26,2024-11-19 16:36:11,Mega Image,-50.00,0.00,RON,COMPLETED,1115.33
CARD_PAYMENT,Current,2024-11-19 20:33:27,2024-11-20 15:06:52,Mega Image,-31.45,0.00,RON,COMPLETED,1083.88
CARD_PAYMENT,Current,2024-11-20 21:01:24,2024-11-21 15:40:29,Lidl,-172.47,0.00,RON,COMPLETED,911.41
CARD_PAYMENT,Current,2024-11-19 08:52:16,2024-11-21 15:55:00,Metrorex,-3.00,0.00,RON,COMPLETED,908.41
CARD_PAYMENT,Current,2024-11-20 21:12:24,2024-11-21 16:25:09,Mega Image,-25.00,0.00,RON,COMPLETED,883.41
CARD_PAYMENT,Current,2024-11-20 20:22:48,2024-11-21 16:36:25,Farmacia Tei,-191.00,0.00,RON,COMPLETED,692.41
CARD_PAYMENT,Current,2024-11-20 20:02:30,2024-11-21 16:44:19,Bebe Tei,-162.50,0.00,RON,COMPLETED,529.91
TRANSFER,Current,2024-11-22 01:19:00,2024-11-22 01:19:00,To MIRUNA-IOANA PAMPEA,-128.00,0.00,RON,COMPLETED,401.91
CARD_PAYMENT,Current,2024-11-22 21:48:52,2024-11-23 17:08:03,Mega Image,-32.63,0.00,RON,COMPLETED,369.28
CARD_PAYMENT,Current,2024-11-22 19:52:45,2024-11-23 17:22:45,Mega Image,-35.18,0.00,RON,COMPLETED,334.10
CARD_PAYMENT,Current,2024-11-23 15:13:38,2024-11-24 15:52:56,Lidl,-140.73,0.00,RON,COMPLETED,193.37
TOPUP,Current,2024-11-24 17:04:50,2024-11-24 17:04:51,Apple Pay Top-Up by *4109,1000.00,0.00,RON,COMPLETED,1193.37
TOPUP,Current,2024-11-25 12:53:06,2024-11-25 12:53:08,Apple Pay Top-Up by *4109,2000.00,0.00,RON,COMPLETED,3193.37
EXCHANGE,Current,2024-11-25 12:53:48,2024-11-25 12:53:48,Exchanged to USD,-1950.00,0.00,RON,COMPLETED,1243.37
EXCHANGE,Current,2024-11-25 12:59:02,2024-11-25 12:59:02,Exchanged to USD,-700.00,0.00,RON,COMPLETED,543.37
CARD_PAYMENT,Current,2024-11-24 00:01:43,2024-11-25 13:16:42,Stripe,-99.47,0.99,RON,COMPLETED,442.91
TOPUP,Current,2024-11-25 14:32:03,2024-11-25 14:32:05,Apple Pay Top-Up by *4109,500.00,0.00,RON,COMPLETED,942.91
EXCHANGE,Current,2024-11-25 15:58:57,2024-11-25 15:58:57,Exchanged to USD,-150.00,0.00,RON,COMPLETED,792.91
CARD_PAYMENT,Current,2024-11-24 17:30:36,2024-11-25 16:06:46,Mega Image,-61.58,0.00,RON,COMPLETED,731.33
TRANSFER,Current,2024-11-29 10:44:17,2024-11-29 10:44:17,To LAURENTIU-IRINEL STAVARACHE,-480.00,0.00,RON,COMPLETED,251.33
TOPUP,Current,2024-11-29 10:55:32,2024-11-29 10:55:33,Apple Pay Top-Up by *4109,1500.00,0.00,RON,COMPLETED,1751.33
TRANSFER,Current,2024-11-29 19:27:23,2024-11-29 19:27:23,To MIRUNA-IOANA PAMPEA,-180.00,0.00,RON,COMPLETED,1571.33
CARD_PAYMENT,Current,2024-11-29 10:49:30,2024-11-30 17:04:05,Digi,-40.00,0.00,RON,COMPLETED,1531.33
CARD_PAYMENT,Current,2024-12-01 14:46:14,2024-12-02 16:49:39,MOL,-200.00,0.00,RON,COMPLETED,1331.33
CARD_PAYMENT,Current,2024-12-02 18:01:43,2024-12-03 16:58:49,Farmaciile DONA,-24.42,0.00,RON,COMPLETED,1306.91
CARD_PAYMENT,Current,2024-12-02 14:57:52,2024-12-03 16:59:44,Ateșpan,-8.00,0.00,RON,COMPLETED,1298.91
CARD_PAYMENT,Current,2024-11-29 14:59:24,2024-12-03 17:21:23,Il Maestro,-25.00,0.00,RON,COMPLETED,1273.91
CARD_PAYMENT,Current,2024-12-02 17:47:19,2024-12-03 17:32:00,Octavian Sârbu Concept,-60.00,0.00,RON,COMPLETED,1213.91
TRANSFER,Current,2024-12-04 13:34:20,2024-12-04 13:34:20,From ANDRA-MARIA RUSEA,80.00,0.00,RON,COMPLETED,1293.91
CARD_PAYMENT,Current,2024-12-03 20:00:54,2024-12-04 15:00:28,Mega Image,-25.58,0.00,RON,COMPLETED,1268.33
CARD_PAYMENT,Current,2024-12-02 18:12:01,2024-12-04 18:08:31,STB Bucuresti,-3.00,0.00,RON,COMPLETED,1265.33
CARD_PAYMENT,Current,2024-12-02 14:54:10,2024-12-04 18:09:30,KFC,-64.10,0.00,RON,COMPLETED,1201.23
CARD_PAYMENT,Current,2024-12-04 18:55:01,2024-12-05 15:30:59,China Shop,-27.00,0.00,RON,COMPLETED,1174.23
CARD_PAYMENT,Current,2024-12-04 18:55:22,2024-12-05 15:31:03,China Shop,-2.00,0.00,RON,COMPLETED,1172.23
CARD_PAYMENT,Current,2024-12-04 18:45:55,2024-12-05 15:47:02,Lidl,-8.19,0.00,RON,COMPLETED,1164.04
CARD_PAYMENT,Current,2024-12-03 10:00:45,2024-12-05 16:01:32,Metrorex,-3.00,0.00,RON,COMPLETED,1161.04
CARD_PAYMENT,Current,2024-12-03 11:21:47,2024-12-05 16:01:42,Metrorex,-3.00,0.00,RON,COMPLETED,1158.04
CARD_PAYMENT,Current,2024-12-04 18:41:32,2024-12-05 16:30:55,Mega Image,-50.00,0.00,RON,COMPLETED,1108.04
CARD_PAYMENT,Current,2024-12-04 13:58:42,2024-12-05 16:31:31,Sb Spaces Expo,-8.50,0.00,RON,COMPLETED,1099.54
CARD_PAYMENT,Current,2024-12-04 09:39:32,2024-12-05 16:31:36,Sb Spaces Expo,-5.40,0.00,RON,COMPLETED,1094.14
CARD_PAYMENT,Current,2024-12-04 09:06:47,2024-12-06 16:40:36,Metrorex,-3.00,0.00,RON,COMPLETED,1091.14
CARD_PAYMENT,Current,2024-12-04 18:18:04,2024-12-06 16:41:30,Metrorex,-3.00,0.00,RON,COMPLETED,1088.14
CARD_PAYMENT,Current,2024-12-05 10:34:20,2024-12-06 18:53:52,Steam,-139.12,0.00,RON,COMPLETED,949.02
EXCHANGE,Current,2024-12-06 20:14:48,2024-12-06 20:14:48,Exchanged to RON,375.19,0.00,RON,COMPLETED,1324.21
CARD_PAYMENT,Current,2024-12-06 19:59:32,2024-12-07 15:15:25,Mega Image,-30.27,0.00,RON,COMPLETED,1293.94
CARD_PAYMENT,Current,2024-12-05 18:32:43,2024-12-07 15:39:49,Metrorex,-3.00,0.00,RON,COMPLETED,1290.94
CARD_PAYMENT,Current,2024-12-06 14:43:59,2024-12-07 17:05:50,Bolt Food,-93.01,0.00,RON,COMPLETED,1197.93
TRANSFER,Current,2024-12-08 01:09:41,2024-12-08 01:09:41,From VANESSA-RAMONA MARIN,87.00,0.00,RON,COMPLETED,1284.93
CARD_PAYMENT,Current,2024-12-07 16:18:19,2024-12-08 16:05:42,Lidl,-361.69,0.00,RON,COMPLETED,923.24
CARD_PAYMENT,Current,2024-12-07 15:10:23,2024-12-08 16:07:02,Ateșpan,-8.00,0.00,RON,COMPLETED,915.24
CARD_PAYMENT,Current,2024-12-07 15:09:18,2024-12-08 16:07:04,Traditional Sib,-23.00,0.00,RON,COMPLETED,892.24
CARD_PAYMENT,Current,2024-12-07 15:34:07,2024-12-08 16:48:10,Mega Image,-192.65,0.00,RON,COMPLETED,699.59
EXCHANGE,Current,2024-12-09 10:26:10,2024-12-09 10:26:10,Exchanged to RON,703.59,0.00,RON,COMPLETED,1403.18
CARD_PAYMENT,Current,2024-12-07 15:04:41,2024-12-09 15:32:18,Cristim Crangasi,-9.45,0.00,RON,COMPLETED,1393.73
CARD_PAYMENT,Current,2024-12-07 15:07:52,2024-12-09 15:32:18,Altamira Srl 2,-11.36,0.00,RON,COMPLETED,1382.37
TRANSFER,Current,2024-12-09 23:11:31,2024-12-09 23:11:31,To MIRUNA-IOANA PAMPEA,-50.00,0.00,RON,COMPLETED,1332.37
CARD_PAYMENT,Current,2024-12-07 15:01:33,2024-12-10 16:19:43,Farmacia Ana Maria,-112.30,0.00,RON,COMPLETED,1220.07
CARD_PAYMENT,Current,2024-12-09 22:13:56,2024-12-10 18:19:39,OpenAI,-112.50,0.00,RON,COMPLETED,1107.57
CARD_PAYMENT,Current,2024-12-10 17:00:12,2024-12-11 15:54:30,PENNY,-65.09,0.00,RON,COMPLETED,1042.48
CARD_PAYMENT,Current,2024-12-08 23:17:53,2024-12-11 16:48:28,Sinsay,-152.75,0.00,RON,COMPLETED,889.73
REV_PAYMENT,Current,2024-12-11 23:07:37,2024-12-11 23:17:11,www.revolut.com/*London,-170.00,0.00,RON,COMPLETED,719.73
CARD_PAYMENT,Current,2024-12-12 20:26:41,2024-12-13 15:46:05,Mega Image,-50.00,0.00,RON,COMPLETED,669.73
CARD_PAYMENT,Current,2024-12-12 13:47:29,2024-12-13 19:33:50,Trade Traditional Food,-52.50,0.00,RON,COMPLETED,617.23
CARD_PAYMENT,Current,2024-12-12 17:50:01,2024-12-14 16:45:45,Metrorex,-3.00,0.00,RON,COMPLETED,614.23
CARD_PAYMENT,Current,2024-12-12 11:14:50,2024-12-14 16:46:29,Metrorex,-3.00,0.00,RON,COMPLETED,611.23
TOPUP,Current,2024-12-15 15:35:11,2024-12-15 15:35:12,Apple Pay Top-Up by *4109,600.00,0.00,RON,COMPLETED,1211.23
CARD_PAYMENT,Current,2024-12-14 20:09:56,2024-12-15 17:41:47,Dedeman,-105.88,0.00,RON,COMPLETED,1105.35
CARD_PAYMENT,Current,2024-12-14 19:45:53,2024-12-15 17:41:49,Dedeman,-209.80,0.00,RON,COMPLETED,895.55
CARD_PAYMENT,Current,2024-12-14 14:16:43,2024-12-15 18:24:24,Mega Image,-137.75,0.00,RON,COMPLETED,757.80
TOPUP,Current,2024-12-15 18:39:13,2024-12-15 18:39:14,Apple Pay Top-Up by *4109,1000.00,0.00,RON,COMPLETED,1757.80
FEE,Current,2024-12-16 03:44:26,2024-12-16 03:44:26,Premium Repricing 1 plan fee,-35.99,0.00,RON,COMPLETED,1721.81
CARD_PAYMENT,Current,2024-12-15 19:08:08,2024-12-16 16:29:37,Kaufland,-166.34,0.00,RON,COMPLETED,1555.47
CARD_PAYMENT,Current,2024-12-15 18:40:54,2024-12-16 16:44:16,Jumbo,-345.64,0.00,RON,COMPLETED,1209.83
CARD_PAYMENT,Current,2024-12-15 16:36:36,2024-12-16 16:54:37,MARC O'POLO,-453.00,0.00,RON,COMPLETED,756.83
EXCHANGE,Current,2024-12-16 21:44:55,2024-12-16 21:44:55,Exchanged to RON,707.85,0.00,RON,COMPLETED,1464.68
TOPUP,Current,2024-12-16 21:47:16,2024-12-16 21:47:17,Apple Pay Top-Up by *4109,2000.00,0.00,RON,COMPLETED,3464.68
TRANSFER,Current,2024-12-16 21:48:13,2024-12-16 21:48:13,To LAURENTIU-IRINEL STAVARACHE,-2250.00,0.00,RON,COMPLETED,1214.68
CARD_PAYMENT,Current,2024-12-16 14:53:18,2024-12-17 17:59:58,Mega Image,-42.18,0.00,RON,COMPLETED,1172.50
CARD_PAYMENT,Current,2024-12-17 17:50:53,2024-12-18 15:56:18,Primark,-79.00,0.00,RON,COMPLETED,1093.50
CARD_PAYMENT,Current,2024-12-17 18:21:52,2024-12-18 17:15:45,Amano,-13.00,0.00,RON,COMPLETED,1080.50
CARD_PAYMENT,Current,2024-12-18 19:28:32,2024-12-19 14:50:22,Mega Image,-101.82,0.00,RON,COMPLETED,978.68
CARD_PAYMENT,Current,2024-12-18 20:33:44,2024-12-19 15:04:57,LUKOIL,-178.39,0.00,RON,COMPLETED,800.29
CARD_PAYMENT,Current,2024-12-17 10:23:30,2024-12-19 15:12:01,Ted's Coffee Co.,-40.00,0.00,RON,COMPLETED,760.29
CARD_PAYMENT,Current,2024-12-17 08:44:59,2024-12-19 15:27:41,Metrorex,-3.00,0.00,RON,COMPLETED,757.29
CARD_PAYMENT,Current,2024-12-17 10:07:22,2024-12-19 15:27:47,Metrorex,-3.00,0.00,RON,COMPLETED,754.29
CARD_PAYMENT,Current,2024-12-19 18:24:29,2024-12-20 15:09:48,Glovo,-62.69,0.00,RON,COMPLETED,691.60
CARD_PAYMENT,Current,2024-12-19 17:52:35,2024-12-20 15:10:25,Mega Image,-136.65,0.00,RON,COMPLETED,554.95
TOPUP,Current,2024-12-21 12:05:02,2024-12-21 12:05:03,Apple Pay Top-Up by *4109,500.00,0.00,RON,COMPLETED,1054.95
CARD_PAYMENT,Current,2024-12-19 16:16:38,2024-12-21 14:33:08,Davian New Enterprise,-27.00,0.00,RON,COMPLETED,1027.95
CARD_PAYMENT,Current,2024-12-20 16:23:31,2024-12-21 14:43:01,Lidl,-243.96,0.00,RON,COMPLETED,783.99
CARD_PAYMENT,Current,2024-12-21 14:52:23,2024-12-22 14:34:04,Frtidealconsultsrl,-25.00,0.00,RON,COMPLETED,758.99
CARD_PAYMENT,Current,2024-12-21 15:40:14,2024-12-22 14:34:10,Frtidealconsultsrl,-5.00,0.00,RON,COMPLETED,753.99
CARD_PAYMENT,Current,2024-12-20 15:52:50,2024-12-22 14:41:01,Prod Com Anghel,-37.00,0.00,RON,COMPLETED,716.99
CARD_PAYMENT,Current,2024-12-20 15:50:02,2024-12-22 14:49:51,Ateșpan,-8.00,0.00,RON,COMPLETED,708.99
CARD_PAYMENT,Current,2024-12-22 03:49:34,2024-12-23 08:04:05,Everai,-62.07,0.62,RON,COMPLETED,646.30
CARD_PAYMENT,Current,2024-12-21 17:44:35,2024-12-23 15:47:17,Magnolia Village,-28.00,0.00,RON,COMPLETED,618.30
CARD_PAYMENT,Current,2024-12-21 14:23:38,2024-12-23 16:02:46,Catena,-3.50,0.00,RON,COMPLETED,614.80
CARD_PAYMENT,Current,2024-12-23 20:54:00,2024-12-24 14:39:57,Sephora,-125.00,0.00,RON,COMPLETED,489.80
CARD_PAYMENT,Current,2024-12-20 15:45:40,2024-12-24 14:55:03,Farmacia Ana Maria,-60.44,0.00,RON,COMPLETED,429.36
CARD_PAYMENT,Current,2024-12-23 20:20:27,2024-12-24 19:51:55,Sinsay,-19.99,0.00,RON,COMPLETED,409.37
CARD_PAYMENT,Current,2024-12-23 19:43:26,2024-12-25 15:19:35,ProfiArt,-119.60,0.00,RON,COMPLETED,289.77
CARD_PAYMENT,Current,2024-12-23 13:45:22,2024-12-25 15:22:11,Farmacia Ana Maria,-59.80,0.00,RON,COMPLETED,229.97
EXCHANGE,Current,2024-12-27 10:38:10,2024-12-27 10:38:10,Exchanged to RON,453.68,0.00,RON,COMPLETED,683.65
CARD_PAYMENT,Current,2024-12-27 16:58:50,2024-12-28 15:23:04,Lidl,-198.62,0.00,RON,COMPLETED,485.03
CARD_PAYMENT,Current,2024-12-31 13:14:28,2025-01-01 15:26:42,Mega Image,-6.79,0.00,RON,COMPLETED,478.24
CARD_PAYMENT,Current,2024-12-31 13:09:53,2025-01-01 15:27:46,Mega Image,-221.50,0.00,RON,COMPLETED,256.74
CARD_PAYMENT,Current,2024-12-31 12:50:25,2025-01-01 15:30:14,Lidl,-191.32,0.00,RON,COMPLETED,65.42